3036 4994
1340 142 1399 209 1⁵3

179 305 209 363 p.
228 292 278 355 24.
299 294 342 348 16.
375 285 473 360 δπάμαν
488 291 591 362 πεῖραν]
615 288 692 347 Plus.
710 289 762 346 vit.
773 287 806 349 C.
821 287 951 347 Gracchi
966 306 993 346 c.
1006 289 1090 347 VIII.
1106 289 1124 363 ἦ
1142 296 1168 349 δὲ
1182 296 1263 366 βουλὴ
1278 300 1402 368 δείσασα,

110 375 148 451 peip
166 378 324 437 amineae
340 377 438 451 ἄμαχος
452 388 569 453 γίνηται,
590 380 676 452 κοινὴν
692 387 735 438 καί
753 378 873 452 duvios,
892 391 1009 456 πεῖραν
1024 384 1119 456 ίπηχτ
1140 396 1193 451 τοῖς
1211 393 1314 453 πολλοῖς
1331 387 1399 447 uiuo-

108 473 220 546 τροπῆς,
236 471 475 546 ἀντιδημαγωγοῦσα
493 480 537 530 ναί
553 477 707 549 χαριζομένη
720 473 793 548 παρὰ
809 474 842 531 τὸ
860 479 996 545 βέλτιστον.
1339 466 1347 479 ’

181 640 210 696 p.
228 626 278 689 211,
296 626 339 680 16.
373 617 592 695 δσστοφάντητον]
625 623 701 683 Voc.
720 622 930 695 ἀσυκοφάντητον
954 621 1398 697 Wylteub.affertinlnd.1.

112 733 143 790 p.
162 720 222 775 270.
239 717 327 772 etiam
344 733 382 772 ex
399 716 547 791 Porphyr.
568 714 655 776 Abst.
676 716 733 774 IV.
764 724 790 777 7.
820 715 1039 788 εὐσυκοφάντητον
1056 717 1218 777 σοίιιαιτιίἰο
1234 722 1400 783 obnoxium

114 817 161 864 est
177 809 209 864 iu
225 808 302 868 Plut.
321 807 441 881 Quaest.
460 808 562 886 Symp.
581 808 661 877 VII,
685 817 713 870 6.
739 830 768 884 p.
788 817 837 869 707
854 810 888 870 F.
923 809 967 866 De
989 820 1153 880 συκοφαντεῖν
1176 814 1398 889 reprehendere,

115 900 271 973 incusare,
293 899 357 959 vide
375 900 530 976 Wytteub.
549 903 586 961 ad
605 903 682 962 Plut.
701 903 736 960 dc
755 901 830 964 disc.
848 902 926 959 adul.
945 903 983 960 ab
1000 905 1096 960 amito
1113 923 1144 978 p.
1164 906 1197 961 73
1214 904 1250 962 Β.

180 1060 277 1129 pii,
296 1058 339 1113 16.
373 1051 558 1126 ἀβασάνιστον]
594 1052 639 1109 lta
661 1053 780 1109 restitui
802 1071 818 1109 e
843 1052 876 1112 Β.
898 1051 933 1108 Ε.
971 1051 1072 1129 Vulgo
1098 1051 1297 1124 ἆμαοιάνιοτον,
1323 1057 1402 1131 quod

113 1147 202 1204 etiam
212 1143 366 1221 Wyttenb.
382 1148 525 1221 Ignorans
543 1146 681 1203 codicum
697 1147 816 1203 illorum
831 1146 988 1203 lectionem
999 1149 1142 1204 intactum
1154 1147 1289 1224 reliquit,
1307 1167 1403 1205 auno-

112 1250 196 1297 tanss
214 1237 468 1312 δμαοιάνισιοι
481 1237 568 1308 sorte
585 1254 691 1297 uotum
712 1260 752 1295 τοι·
774 1239 889 1312 duplici
906 1239 1029 1297 meliore
1051 1239 1177 1297 lectione
1198 1238 1356 1311 ἅβάοναντον
1369 1257 1403 1299 es

110 1330 344 1403 ἀβασάνιστον.
386 1330 550 1407 Utrumque
570 1342 768 1406 proposuerat
789 1332 935 1390 Reiskius.
969 1332 1059 1389 Recte
1078 1334 1138 1407 egit
1154 1333 1294 1402 Hutteu.,
1323 1334 1403 1410 quod

112 1426 203 1481 etiam
230 1425 294 1480 aine
320 1421 407 1480 libris
435 1420 601 1496 ἀβασάνιστον
622 1426 744 1498 recepit.
779 1423 855 1481 Plut.
879 1423 915 1480 de
941 1422 1008 1484 aud.
1031 1436 1111 1499 poet.
1134 1444 1165 1500 p.
1182 1433 1217 1485 28
1242 1425 1276 1483 C.
1304 1427 1354 1483 uir
1378 1431 1406 1485 61

113 1516 232 1588 μειζόνων
248 1513 478 1586 ἀβασανίστως
493 1521 680 1589 παραδέχονται
695 1517 742 1585 την
760 1522 850 1573 πίστιν.
868 1515 904 1572 (Ie
921 1516 995 1575 disc.
1014 1516 1091 1577 adul.
1110 1516 1146 1574 ab
1163 1520 1248 1577 amic.
1267 1536 1298 1592 p.
1316 1521 1350 1575 59
1367 1519 1402 1579 C.

114 1615 175 1682 φέρι
192 1613 257 1681 μηδὲ
280 1608 356 1664 τοῦτο
378 1613 627 1681 παραλείποιμεν
651 1603 884 1679 denudatum.
919 1608 1041 1664 Praeter
1060 1609 1116 1665 hos
1138 1607 1221 1665 locos
1244 1606 1404 1682 Wytttnb.
1465 1677 1468 1682 Ι

114 1702 146 1758 iu
160 1700 225 1759 lud.
246 1701 271 1760 I.
288 1721 318 1777 p.
337 1708 363 1761 1.
381 1702 523 1758 indicavit
539 1700 648 1760 Euseh.
667 1702 702 1762 P.
721 1701 756 1761 E.
774 1700 830 1761 IV.
848 1708 899 1761 137
916 1699 949 1760 C.
983 1700 1251 1760 AeueasGaz.·16·
1266 1730 1298 1747 -
1318 1702 1405 1759 Cete-

112 1812 180 1850 rum
201 1795 233 1851 iu
253 1803 352 1852 annot.
373 1795 467 1851 textui
490 1792 623 1870 subjecta
645 1805 716 1852 nota
741 1794 819 1854 Meu.
843 1792 967 1852 delenda
988 1804 1048 1864 est,
1074 1812 1149 1871 quae
1165 1811 1268 1853 errore
1285 1795 1342 1853 lsuc
1360 1796 1406 1853 ir·

111 1888 216 1962 repsit.

179 2055 211 2111 p.
229 2041 277 2106 ²4,
296 2040 338 2094 18.
373 2033 419 2107 την
435 2032 463 2092 δ’
481 2032 652 2117 Ἀφροδίτην]
685 2032 731 2106 την
748 2038 776 2091 δὲ
791 2033 943 2108 Ἀφροδίτην
959 2033 993 2093 Β.
1011 2033 1048 2094 Ε.
1065 2031 1111 2104 την
1127 2031 1164 2089 δι’
1180 2032 1251 2107 Ἀφρ.
1267 2033 1335 2094 All.-

184 2204 212 2260 p.
230 2190 278 2254 et,
298 2189 342 2243 18.
376 2181 423 2252 οὐχ
438 2179 509 2257 δρᾷς]
543 2184 635 2240 Poeta
653 2183 724 2257 ipse·
735 2179 796 2255 ὁρᾷς
810 2183 990 2257 scripserat,
1009 2180 1088 2258 quod
1105 2180 1267 2239 Salmasius
1286 2200 1403 2259 quoque

115 2278 164 2335 hic
180 2276 381 2344 commendat,
401 2276 452 2333 sed
465 2276 533 2351 quia
545 2274 697 2332 Plutarchi
707 2276 799 2331 menti
809 2271 866 2331 hoo
877 2274 944 2331 loco
956 2274 986 2333 id
999 2271 1226 2343 adversabatur,
1244 2285 1404 2350 propterea
1513 2289 1516 2294 “

113 2370 145 2428 id
163 2372 195 2426 iu
213 2367 264 2443 δρῶ
281 2370 405 2427 mutauit
421 2388 480 2426 uou
496 2367 600 2436 video,
618 2366 718 2434 idest,
734 2367 884 2425 simulabo
897 2386 957 2424 uou
967 2366 1130 2436 videntem,
1149 2369 1280 2424 omittam
1292 2368 1404 2437 dicere,
1446 2374 1449 2379 ’

115 2473 258 2540 quantum
274 2480 383 2519 numen
401 2463 440 2519 sit
450 2461 563 2519 Venus.
586 2458 780 2520 REISIIIUS.
804 2459 905 2535 Vulgo
919 2457 1071 2537 legebatur
1087 2457 1136 2527 οὐχ
1154 2455 1217 2534 ipsi.
1243 2459 1403 2533 Wytteub.

115 2552 165 2623 οὐχ
180 2550 243 2629 ὁρᾷς
263 2554 393 2612 restituit
410 2572 447 2611 ex
468 2553 545 2610 Mez.
569 2552 621 2609 sed
640 2550 729 2609 lrabct
747 2549 778 2610 id
797 2554 887 2609 ctiam
906 2552 938 2612 B.
974 2551 1094 2613 Confer.
1109 2551 1254 2611 Valckeu.
1275 2552 1313 2609 ad
1330 2552 1403 2611 Eur.

115 2648 269 2707 Phoeniis.
295 2666 338 2705 vs.
361 2653 436 2706 1178.
466 2665 495 2721 p.
513 2653 573 2705 410.
600 2645 646 2704 ed.
670 2644 757 2720 Lips.
793 2645 912 2722 Integer
934 2644 1019 2703 locus
1041 2645 1148 2722 legitur
1172 2647 1204 2704 iu
1228 2643 1313 2705 Stoh.
1337 2646 1404 2707 Eol.

115 2741 203 2816 phys.
221 2760 253 2816 p.
270 2747 330 2804 140.
362 2740 475 2800 Athen.
493 2738 581 2796 XIII.
599 2757 629 2814 p.
648 2741 699 2797 599
716 2737 752 2797 E.
772 2756 817 2814 sq.

385 2849 449 2919 Τὴν
463 2845 666 2921 Ἀφροδίτην
682 2843 740 2914 οὐχ
758 2843 837 2919 δρᾷς
853 2846 915 2916 ὅση
932 2845 1029 2910 θεός.

381 2940 413 3013 ἢν
429 2937 488 2998 οὔδ’
510 2939 541 2996 ἄν
557 2946 636 3003 εἴποις
652 2935 711 2996 aiot
728 2937 877 3013 μετρήσειας
893 2938 925 2994 ds

382 3033 429 3104 ὅση
446 3040 541 3105 uiuunt
557 3029 618 3103 κάφ’
638 3030 698 3087 ὅσον
716 3035 849 3104 διέρχεται.

383 3125 447 3196 αὕτη
463 3133 550 3199 τρέφει
565 3131 591 3181 σὲ
608 3123 671 3196 nupt
687 3129 730 3180 ναδ
746 3121 843 3185 πάντας
856 3121 974 3198 βροτούς.

381 3219 512 3293 νεανίαν
529 3222 556 3273 δὲ
571 3217 606 3290 νὴ
624 3215 688 3289 lire
703 3214 780 3290 uim
794 3213 896 3289 uitus»

383 3317 445 3383 lpyp
462 3317 490 3368 dl
506 3315 576 3375 δείξω
592 3308 624 3367 τὸ
640 3317 734 3373 σθένος
748 3308 780 3366 τὸ
796 3309 843 3365 τοῦ
859 3308 943 3365 θεοῦ·

383 3406 430 3477 δρᾷ
447 3412 492 3478 μὲν
508 3403 607 3477 ὄμβρου
622 3398 678 3476 μαῖ’
686 3444 695 3469 ,
712 3402 774 3459 ὅταν
790 3402 865 3477 ξηρὸν
881 3405 958 3458 πίδσν

384 3496 501 3569 ἄκαρπον
517 3495 604 3569 αὐχμῷ
620 3501 721 3557 νοτίδος
736 3496 824 3558 ἐνδεῶς
839 3502 895 3567 lm·

384 3590 429 3664 δρᾷ
447 3587 475 3645 δ’
493 3586 507 3645 ὅ
525 3590 612 3663 σεμνὸς
629 3587 738 3664 οὖρανός
752 3587 921 3663 πληρούμενος

386 3681 486 3757 ὄμβρου
501 3691 583 3739 πεσεῖν
601 3688 638 3746 εἰς
653 3691 729 3754 μαῖαν
744 3679 895 3755 Ἀφροδίτης
910 3677 976 3737 ὕπσῖ

383 3772 445 3829 ὅταν
462 3778 490 3830 ot
507 3776 686 3847 συμμιχθῆτον
703 3779 738 3837 είς
752 3770 846 3830 τοῦτὸν
862 3771 925 3840 olo,

384 3873 511 3922 τίκτουσιν
526 3863 585 3939 ἡμῖν
600 3865 685 3922 πάντα
700 3862 864 3941 νοῖντρίφοσδ
881 3863 936 3938 ἅμα

385 3955 451 4015 ὅθεν
467 3956 583 4032 βρὰιειον
598 3959 627 4033 ζῇ
643 3981 672 4015 τε
688 3964 731 4014 καὶ
746 3955 840 4014 θάλλει
854 3963 933 4028 γένος.

118 4075 193 4134 Vide
210 4074 314 4137 Maus.
330 4073 449 4151 Fragm.
467 4073 539 4132 Eur.
564 4093 595 4149 p.
612 4077 662 4132 364
680 4092 726 4150 sq.
760 4072 873 4130 Versus
894 4071 1055 4130 uouuullos
1077 4072 1222 4131 excidisse
1239 4071 1400 4131 arbitratus

118 4176 165 4224 est
185 4171 217 4226 iu
237 4183 340 4226 nostro
364 4166 431 4225 loco
455 4164 668 4223 Valckenarius
691 4164 728 4222 ad
749 4164 894 4241 Hippolyt
917 4171 979 4224 419.
1012 4164 1060 4221 Ex
1080 4162 1231 4239 Euripidis
1248 4164 1400 4242 Oedipode

118 4270 244 4317 sumtum
258 4277 322 4316 esse
337 4259 533 4335 Iragmentum
549 4258 634 4319 Fulv.
653 4258 780 4314 Ursinus
798 4259 830 4314 iu
841 4256 948 4333 Virgil.
966 4255 1064 4316 collat.
1078 4255 1281 4315 cumGraecis
1296 4277 1327 4334 p.
1340 4264 1399 4319 156.

119 4353 221 4408 statuit
235 4363 264 4409 et
281 4351 319 4408 ad
335 4353 409 4409 hauc
421 4348 549 4409 fabulam
564 4350 666 4407 retulit
681 4350 833 4426 Musgrav.
847 4349 885 4408 ir.
898 4347 994 4405 XVII.
1017 4345 1137 4405 Rectius
1151 4348 1272 4406 credere
1284 4351 1401 4409 videtur

118 4443 225 4502 March.
241 4443 264 4504 l.
281 4462 307 4503 c.
326 4443 364 4500 ad
379 4443 572 4519 Hippolytum
588 4459 653 4499 esse
670 4442 873 4510 referendum,
901 4442 970 4518 quia
986 4451 1016 4496 et
1031 4439 1064 4497 iu
1079 4438 1178 4497 fabula
1194 4445 1352 4516 superstite
1372 4463 1399 4504 v.

116 4542 180 4598 441.
205 4533 287 4592 locus
311 4544 357 4592 est
374 4535 515 4593 simiIIImi
534 4536 711 4612 argumenti,
739 4546 769 4591 et
784 4535 960 4595 Plutarchus
980 4544 1084 4592 nostro
1100 4533 1167 4591 loco
1184 4537 1283 4610 pm‘mo
1301 4539 1401 4593 versui

152 4645 248 4694 uuus.
264 4638 291 4699 1.
975 4628 1014 4691 10
1033 4630 1051 4664 ³¹
