3036 4994
633 211 884 288 ΕΡΩΤΙΚΟΣ.
1361 216 1398 280 53

117 376 268 461 ternporis
294 375 394 461 spatio
422 399 538 460 corpus
564 377 747 442 amasiorum
767 387 998 459 praetereuntes
1017 375 1099 440 intus
1119 377 1277 454 feruntur,
1307 376 1398 442 indu·

115 482 241 567 lemque
265 483 418 566 attingunt
444 505 572 557 eorum,
600 497 631 547 et
657 494 790 546 avocato
819 482 905 554 visu,
934 480 1065 571 invicem
1086 506 1151 546 sese
1171 482 1203 546 in
1223 480 1399 548 actionibus

116 601 148 652 et
166 586 360 652 sermonibus
378 585 438 670 jam
460 600 665 664 contuentur,
692 587 718 650 si
739 609 799 672 qua
818 585 942 650 honesti
962 586 1080 667 species
1100 600 1129 649 et
1148 587 1345 652 simulacrum
1365 587 1397 652 iu

115 692 224 757 auimis
249 692 332 757 insit.
372 691 426 755 Sin
455 715 548 767 vero,
574 692 613 757 iis
641 693 744 757 valere
772 691 883 776 jussis,
914 690 975 754 alio
1002 712 1035 754 se
1062 691 1243 770 conserunt,
1273 692 1340 775 apis
1365 691 1398 757 in

113 819 249 872 morem,
277 819 356 879 quae
382 797 476 861 multa
504 797 614 862 viridia
635 813 666 862 et
684 797 827 864 florentia
848 796 1015 878 praeterit,
1039 795 1112 880 quia
1139 795 1176 860 iis
1200 797 1278 862 nihil
1299 798 1398 864 mellis

114 901 198 966 insit.
238 902 301 966 Ubi
325 924 402 967 vero
423 902 588 988 vestigium
609 902 739 987 aliquod
757 901 940 977 divinitatis,
968 901 1186 986 defluxumque
1206 913 1238 965 et
1256 901 1397 966 similitu·

115 1007 214 1071 dinem
241 1007 487 1072 abblandicutem
517 1007 601 1071 nacti
631 1020 727 1071 sunt:
764 1005 826 1087 jam
852 1029 926 1089 prae
954 1007 1114 1087 voluptate
1140 1018 1172 1070 et
1197 1003 1397 1087 admiratione

98 1123 201 1176 extra
219 1134 253 1176 se
273 1112 354 1195 rapti
374 1134 439 1176 eam
460 1115 672 1187 adsentantur,
696 1110 1010 1196 suntqueamicissime
1029 1111 1134 1177 allecti
1153 1115 1304 1176 adversus
1322 1109 1399 1177 illud

110 1236 186 1282 vere
207 1219 351 1283 omnibus
371 1216 518 1298 amabile,
539 1219 681 1293 beatum,
698 1217 965 1302 diligendumque.

189 1363 272 1426 XX.
311 1363 430 1427 Poetae
455 1361 577 1447 quidem
605 1361 754 1448 pleraque
778 1362 821 1426 ita
841 1365 879 1426 de
899 1383 1006 1426 amore
1025 1362 1185 1438 scribunt,
1213 1375 1247 1426 ut
1266 1366 1305 1426 ad
1329 1383 1399 1429 eum

112 1466 251 1531 alludere
270 1477 301 1530 et
321 1464 401 1530 inter
420 1470 651 1531 comessandum
671 1466 728 1531 ista
750 1488 861 1531 cancre
882 1467 1064 1532 videantur:
1086 1489 1184 1551 pauca
1199 1471 1236 1532 dc
1254 1489 1293 1532 eo
1313 1467 1398 1534 serio

115 1571 239 1646 dicunt,
267 1570 333 1634 sive
362 1574 527 1651 prudentes
555 1573 617 1637 hoc
646 1584 677 1636 ct
706 1571 808 1637 dedita
838 1594 954 1657 opera,
983 1572 1050 1637 sive
1080 1577 1140 1638 deo
1168 1577 1207 1637 ad
1236 1572 1397 1639 veritatem

115 1679 257 1740 ducente.
297 1676 344 1739 Dc
364 1675 411 1738 his
426 1688 472 1738 est
484 1674 595 1753 etiam,
617 1680 704 1758 quod
717 1682 754 1742 dc
769 1677 922 1743 natalibus
935 1677 1003 1762 ejus
1017 1679 1143 1749 dicuntt
1164 1675 1398 1747 Acerrimum

80 1820 85 1836 ι
113 1779 260 1855 deorum
270 1779 411 1871 peperit
425 1776 579 1871 pulchre
597 1777 760 1848 calceata
775 1780 865 1868 Iris,
887 1783 1072 1849 auricomo
1086 1782 1208 1850 mixta
1219 1779 1398 1853 Fauonio.-

111 1883 172 1948 uisi
201 1884 283 1948 sorte
313 1884 506 1970 grarmnatici
534 1886 625 1949 fidem
646 1885 739 1951 vebia
757 1888 916 1964 fecerunt,
947 1887 1000 1972 qui
1027 1892 1106 1952 hauc
1136 1887 1399 1970 comparationem

113 1993 156 2054 ob
189 1989 327 2053 adlectus
358 1987 449 2072 hujus
480 1989 660 2054 varietatem
690 1989 777 2072 ajunt
804 1992 1007 2056 institutam·
1038 1993 1195 2070 Quorsum
1226 1991 1306 2055 enim
1335 1991 1399 2056 alio

112 2095 441 2181 ajebatDapbuaeus.
481 2096 617 2171 Audite,
647 2094 750 2179 iuquit
777 2107 878 2176 pater.
919 2094 974 2160 Sic
999 2095 1080 2159 cuim
1105 2094 1194 2181 cogit
1222 2118 1281 2160 nos
1309 2093 1400 2179 loqui

112 2201 168 2277 id,
201 2204 287 2286 quod
317 2201 451 2265 videtur.
500 2201 561 2265 Iris
591 2196 715 2284 quidem
745 2198 871 2263 allectio
899 2213 947 2265 est
975 2199 1060 2264 visus
1091 2199 1219 2284 ejusque
1248 2199 1400 2265 refractio

112 2311 279 2389 quaedam,
299 2310 422 2389 quando
437 2305 549 2368 sensim
562 2304 705 2381 roridae,
724 2305 807 2369 laevi
826 2318 925 2369 autem
946 2318 977 2370 ct
997 2303 1197 2375 mediocriter
1210 2304 1399 2371 illuminatae

113 2411 191 2476 nubi
211 2410 238 2474 is
257 2409 412 2484 incidens,
431 2411 528 2474 solem
549 2409 693 2474 refractis
713 2408 808 2476 radiis
829 2409 958 2494 ejusque
979 2410 1079 2474 lumen
1101 2409 1253 2488 intuetur,
1274 2408 1399 2491 opinio·

114 2515 357 2599 nemqnenobis
377 2513 567 2592 benefacit,
598 2515 784 2598 quasivero
811 2515 859 2591 id,
889 2519 977 2598 quod
1002 2516 1156 2591 videmus,
1186 2515 1218 2578 in
1238 2514 1304 2599 ipsa
1326 2514 1401 2581 insit

114 2623 208 2686 nube.
257 2621 310 2684 Sic
339 2632 370 2684 et
396 2618 524 2685 Arnoris
553 2619 696 2683 callidum
724 2634 930 2684 commentum
958 2621 990 2684 in
1021 2621 1182 2704 generosis
1213 2620 1399 2704 pulchrique

114 2725 285 2790 amantibus
313 2730 464 2811 quandam
491 2725 584 2789 efficit
608 2725 828 2791 refractionem
857 2725 1025 2790 memoriae
1051 2730 1089 2788 ab
1120 2726 1178 2803 iis,
1210 2749 1290 2807 quae
1318 2724 1399 2789 loris

114 2843 262 2913 apparent
281 2845 312 2894 et
331 2831 475 2894 dicuntur
494 2831 640 2912 pulchra,
661 2834 700 2894 ad
713 2820 850 2895 divinum
865 2831 956 2906 illud,
979 2831 1110 2893 amabile
1126 2851 1261 2912 vereque
1276 2832 1402 2891 beatum

111 2948 143 3001 et
172 2934 380 3000 admirandum
409 2939 587 3019 pulchrum.
615 2936 755 2999 -Verum
784 2935 926 3017 plerique
957 2935 988 2997 in
1021 2934 1128 3014 pueris
1159 2945 1191 2994 et
1219 2929 1401 2995 mulieribus

113 3053 259 3124 tanquam
283 3041 415 3123 speculis
442 3031 620 3120 expressam
646 3038 713 3121 ejus
737 3038 902 3124 imaginem
929 3049 1145 3102 consectantes
1173 3047 1204 3099 et
1228 3035 1400 3117 apprehen·
1499 3095 1501 3101 .

114 3151 237 3220 (lentes,
257 3144 334 3208 nibil
354 3144 496 3220 stabilius
519 3144 676 3226 voluptate
696 3144 801 3207 dolori
819 3143 973 3224 permixta
994 3152 1123 3222 possunt
1143 3139 1290 3222 adipisci:
1314 3140 1400 3205 vide·

114 3263 228 3335 turque
255 3271 291 3311 ea
317 3248 439 3330 vertigo
465 3248 492 3311 is
521 3271 613 3312 error
640 3248 799 3329 [Ixionis]
831 3270 886 3312 eos
915 3259 1112 3329 pervertere,
1142 3260 1176 3310 ut
1204 3244 1236 3309 iu
1265 3243 1400 3309 nubibus

115 3367 260 3438 tanquam
289 3353 405 3416 umbris
430 3352 519 3415 inane
545 3367 669 3437 captent
697 3350 899 3417 desiderium:
929 3375 1097 3435 puerorum
1122 3351 1154 3415 in
1181 3373 1316 3428 morem,
1346 3352 1401 3437 qui

115 3482 221 3524 areum
249 3457 413 3522 coelestem
444 3457 582 3522 manibus
613 3459 722 3522 volunt
750 3459 909 3540 arripere,
944 3456 996 3531 id,
1028 3460 1127 3541 quod..
1142 3472 1293 3542 apparet,
1324 3457 1400 3537 ipsis

116 3575 285 3645 captantes.
326 3561 400 3628 Alio
423 3565 515 3625 ruodo
536 3585 568 3625 se
585 3562 736 3645 ingenuus
756 3575 788 3626 et
807 3567 963 3626 strodestus
983 3562 1064 3648 gerit
1080 3577 1210 3626 amator.
1250 3561 1300 3626 lbi
1320 3560 1400 3625 enim

116 3667 308 3753 reirangitur
333 3671 371 3729 ad
398 3666 532 3730 divinam
553 3680 583 3730 et
609 3667 676 3730 sola
703 3680 802 3732 ruente
828 3671 1031 3732 contuendam
1055 3667 1337 3749 pulchritudinem:
1369 3678 1401 3729 et

117 3772 346 3857 pulchritudine
373 3773 475 3836 oblata
503 3771 638 3836 visibilis
664 3772 827 3855 corporis,
856 3796 894 3837 eo
915 3773 972 3850 uti,
1001 3787 1145 3854 tanquam
1166 3771 1331 3836 rnenroriae
1351 3771 1399 3835 in·

117 3891 305 3955 strumento,
325 3878 397 3941 satis
418 3881 526 3956 habet,
546 3891 576 3942 et
596 3877 627 3943 in
647 3876 713 3961 ejus
733 3877 953 3943 consuetudine
965 3878 1142 3963 laetitiaque
1163 3876 1233 3944 iude
1252 3887 1399 3960 percepta

135 4070 426 4085 ffl-

121 4195 154 4252 F.
179 4205 207 4255 2.
241 4195 408 4269 ἐνεργάσηται]
426 4195 484 4251 ΒΕ.
504 4193 571 4251 Ald.
590 4195 658 4251 Bas.
693 4197 788 4272 Vulgo
805 4195 968 4268 ἐνεργᾶζηται.

120 4293 158 4348 Α.
177 4295 203 4347 2.
237 4287 315 4345 icosi
328 4286 440 4356 Ἰξίονος]
467 4307 562 4344 euleu
581 4292 759 4362 conjecturo.
795 4274 889 4366 Vulgo
907 4288 922 4345 ὃ
939 4291 985 4345 τοῦ
1002 4293 1121 4349 πλείονος.

121 4381 158 4439 Α.
176 4383 202 4437 3.
236 4384 398 4455 θηρωμένου]
416 4401 431 4436 e
451 4379 606 4453 Wyttenb.
626 4385 804 4455 cettjectura.
840 4381 931 4457 Vulgo
950 4389 1118 4454 θηρωμένους.

121 4474 160 4530 Α.
178 4479 203 4531 4.
238 4483 293 4530 ταῖν
307 4476 400 4548 χεροῖν]
419 4472 453 4533 E.
488 4473 583 4548 Vulgo
600 4482 655 4535 τοῖς
669 4478 760 4544 χερσὶν.
