3036 4994
107 149 152 196 xtt

131 362 136 369 ,
185 291 320 356 Altemm
346 291 429 374 quod
462 296 510 355 est
536 290 659 356 editoris
689 284 839 364 odicium,
876 308 945 355 cum
966 290 1075 374 priore
1102 289 1221 354 vinculo
1249 289 1400 353 artissimo
1426 312 1429 316 ·

108 430 293 486 connexum,
310 418 345 478 ut
363 411 518 495 scriptoris
537 409 629 474 verba
648 389 788 495 illustret,
807 427 845 472 eo
864 427 937 473 vero
954 428 1017 472 non
1030 409 1133 473 minus
1146 417 1267 477 strenue
1279 410 1401 472 iunctus

14 560 16 569 v
107 551 185 594 sum.
222 531 300 595 Nam
324 537 357 593 ut
383 531 416 593 in
440 529 507 593 aliis
534 529 731 612 scriptoribus
750 528 907 611 utriusque
925 528 1039 612 negotii
1060 528 1218 615 commode
1239 527 1399 592 discidium

104 649 172 713 lieri
190 650 308 732 possit,
327 656 390 713 tam
408 648 566 732 multiplex
578 667 615 712 ac
627 667 725 730 paene
738 647 853 712 infinita
866 655 911 712 est
923 649 970 713 vis
984 648 1138 738 doctrinae
1151 647 1319 721 Plutarchi,
1339 653 1401 709 tam

108 768 294 862 admirabilis
324 786 434 832 rerum.
450 767 648 849 humanonrqr
676 775 708 831 et
738 767 907 841 divinamus
933 748 1077 841 scientia,
1110 776 1142 831 ut
1178 767 1229 849 qui
1256 767 1402 833 audaciae

109 888 349 969 temeritatisque
369 887 483 949 crimen
502 886 717 962 extimescens,
746 886 812 951 sola
831 886 1041 963 emendatione
1060 863 1234 960 contentus,
1257 886 1404 967 interpre-

111 1008 257 1071 tationem
275 1005 417 1089 negligat,
435 1025 543 1089 parum
562 1006 601 1069 sit
620 1007 759 1071 cordatus
779 1015 811 1071 et
829 1007 908 1070 mab
920 1007 1067 1071 lectorum
1081 1006 1245 1070 commodis
1260 1000 1405 1078 consulat,
1424 1048 1427 1054 -

112 1125 289 1209 praesertim
298 1145 391 1208 mum
401 1125 493 1189 etiam
502 1125 553 1188 hio
563 1143 636 1207 ager
643 1125 774 1191 incrrltus
780 1108 881 1211 jaceat
888 1127 1087 1209 horridusque
1097 1125 1241 1208 squaleat.
1255 1125 1354 1201 Quam
1364 1126 1405 1189 ob

112 1264 233 1309 eausam
242 1264 304 1307 non
314 1244 389 1307 illud
401 1243 524 1326 quidem
537 1245 594 1328 egi,
606 1252 641 1308 ut
651 1228 885 1329 perpetuitatem
898 1247 1095 1311 enarrationis
1106 1247 1288 1318 adhiberem,
1302 1222 1359 1309 scd
1370 1250 1405 1309 ut
1428 1303 1430 1307 ,

111 1348 328 1447 interpretandi
351 1363 571 1427 oblectamento
585 1363 707 1428 criticae
721 1357 793 1428 artis
808 1366 893 1447 qnasi
906 1367 1058 1448 quandam
1071 1340 1274 1431 austeritatem
1288 1365 1406 1428 leniens

115 1481 239 1547 dicendi
258 1482 415 1566 scriptoris
435 1482 682 1577 consuetudinem
707 1457 918 1569 explanarem,
946 1484 1160 1548 obscuritatem
1180 1487 1244 1550 sive
1262 1484 1406 1576 inrebus

113 1602 178 1666 sive
197 1602 230 1664 in
248 1602 348 1680 verbis
366 1574 718 1684 positamremorerem,
745 1608 778 1666 et
796 1612 872 1685 quos
892 1601 1020 1664 aliorum
1039 1603 1217 1682 scriptorum
1236 1578 1319 1665 locos
1338 1603 1405 1666 imi-

112 1721 227 1785 tatione
247 1716 428 1804 expresserit
442 1701 636 1795 Plutarchus,
660 1721 840 1795 indicarem,
865 1727 930 1783 tum
946 1730 981 1785 nt
998 1721 1031 1783 in
1048 1720 1197 1803 principio
1218 1720 1406 1784 animadver-

114 1841 235 1903 sionum
256 1859 309 1905 eos
329 1840 489 1922 scriptores
506 1847 643 1916 veteres,
662 1839 713 1923 qni
729 1840 761 1903 in
774 1841 883 1903 eodem
897 1834 1072 1933 argumento
1089 1838 1263 1902 illustrando
1281 1857 1406 1920 operam

112 1978 200 2024 suam
224 1958 459 2033 collocaverunt,
483 1940 690 2034 recenserem,
718 1958 800 2042 quod
826 1958 995 2023 institutum
1020 1957 1224 2033 tautories,
1251 1977 1270 2020 e
1296 1956 1407 2038 quibus

112 2079 288 2143 Plutarchus
306 2078 459 2152 hauserit,
485 2079 742 2162 perscrutantibus
757 2099 848 2161 quam
866 2078 1037 2142 uberiorem
1056 2096 1182 2162 graecae
1197 2075 1408 2160 philosophiae

111 2197 268 2262 historiam
286 2199 516 2263 conterentibus
536 2219 627 2281 quam
645 2198 719 2262 utile
738 2186 871 2262 brturum
897 2197 954 2272 sit,
980 2216 1042 2260 non
1066 2204 1135 2280 eget
1158 2196 1220 2258 ullo
1246 2193 1408 2256 monitore.

114 2319 248 2382 Eandem
260 2318 409 2381 rationem
421 2319 533 2381 tenebo
546 2319 578 2380 in
591 2310 700 2382 ceteris
713 2317 811 2391 libris,
824 2318 856 2380 in
869 2317 978 2398 quibus
992 2316 1066 2380 mihi
1075 2315 1179 2379 licebit
1186 2313 1317 2377 breviori
1327 2330 1407 2375 esse·

87 2514 90 2519 γ
190 2436 289 2518 Aequi
304 2455 377 2500 vero
397 2442 428 2499 et
445 2435 646 2518 intelligentes
667 2437 901 2508 existimatores,
920 2455 1050 2518 quorum
1068 2454 1212 2498 censuras
1232 2430 1339 2514 cupide
1353 2449 1407 2492 ex-

113 2562 233 2637 specto,
252 2574 292 2617 an
306 2554 505 2637 praestiterim
521 2572 599 2636 quae
613 2555 762 2635 pollicitus
779 2572 846 2616 sum
858 2552 1002 2633 judicent
1028 2552 1177 2632 Equidem
1192 2551 1408 2612 malevolorum

115 2691 205 2736 voces
223 2680 418 2736 contemnens
438 2671 655 2755 amplissimum
668 2671 779 2733 laboris
796 2662 963 2753 praemium
983 2656 1088 2732 tulisse
1108 2669 1182 2731 mihi
1206 2668 1352 2745 videbor,
1382 2669 1407 2731 si

116 2811 186 2856 mea
206 2810 300 2875 opera
324 2793 469 2864 edacem,
497 2797 532 2853 nt
555 2796 586 2852 et
610 2789 660 2853 alii
684 2809 803 2853 mecum
821 2807 882 2852 una
901 2788 934 2851 in
953 2788 1060 2871 eodem
1080 2788 1178 2852 stadio
1198 2788 1354 2852 decertare
1375 2789 1409 2850 in

117 2912 251 2975 animum
270 2910 413 2974 inducant
432 2917 464 2974 et
481 2909 632 2973 Plutarchi
649 2904 742 2993 opera
761 2907 887 3001 moralia
912 2908 980 2991 plus
1001 2908 1084 2992 justo
1108 2908 1246 2999 neglecta
1273 2909 1408 2972 debitum

116 3039 297 3115 recuperent
315 3031 461 3094 honorem
480 3029 710 3112 diligentiusque
729 3049 748 3092 a
766 3028 950 3109 noshatibus
968 3028 1106 3091 manibus
1125 3035 1276 3103 terantur,
1296 3029 1408 3092 laetor-

118 3169 178 3233 que
191 3151 336 3233 impense,
349 3150 429 3213 nun'c
440 3144 634 3242 §torrium
646 3143 757 3222 meum,
777 3138 893 3231 acujus
907 3147 1042 3212 doctrina
1053 3155 1144 3229 atque
1159 3136 1279 3230 ingenio
1294 3148 1408 3234 optima

119 3288 256 3351 quaeque
271 3270 393 3351 sperare
407 3268 495 3343 licet,
514 3288 623 3330 novam
642 3269 778 3331 Vitarum
796 3268 827 3328 X
845 3267 1004 3332 Oratorum
1019 3267 1183 3330 editionem
1200 3267 1348 3330 meditari.

128 3388 132 3401 ‘
168 3473 169 3477 Ἰ
192 3388 354 3453 Praeiandi
371 3407 496 3451 munere
515 3388 554 3450 de
573 3388 709 3462 instituto
730 3407 799 3451 meo
819 3387 977 3451 defunctus
989 3386 1137 3468 reliquum
1155 3392 1201 3450 est
1220 3394 1254 3451 ut
1276 3406 1407 3449 summas

117 3509 228 3593 gratias
258 3526 346 3590 agam
374 3506 609 3572 cohortere
638 3505 874 3579 HERMANNO,
910 3506 1097 3590 praeceptori
1126 3507 1176 3588 pie
1200 3506 1346 3580 colendo,
1376 3513 1407 3569 et

116 3626 332 3703 ‘rnnouotto
351 3626 524 3691 BERGKIO
543 3646 630 3699 meo,
659 3626 711 3707 qui
730 3626 827 3709 rogati
846 3645 902 3708 pro
923 3626 1012 3690 solita
1030 3626 1214 3709 benignitate
1234 3626 1272 3687 de
1292 3599 1411 3708 aliquot¹

117 3747 192 3810 locis
211 3746 427 3810 difficilioribus
450 3767 506 3828 per
531 3747 632 3809 literas
653 3746 832 3808 sententiam
856 3765 942 3809 suam
968 3765 1088 3809 mecum
1112 3745 1407 3810 communicaverunt

118 3875 148 3931 et
168 3867 302 3950 egregias
323 3867 547 3932 emendationes
567 3872 807 3949 expromserunt.

196 4133 370 4199 Scribebam
387 4135 505 4208 Turici,
524 4134 629 4198 ldibus
647 4135 762 4201 Martiis
782 4133 1099 4236 artucccrtxxw.
1185 4131 1188 4136 '
