3036 4994
589 132 840 201 ΕΡΩΤΙΚΟΣ.
1330 144 1369 207 tt

73 305 147 383 lnur
165 316 211 366 est
238 301 333 376 enirn,
360 299 611 384 Aristogitonem
636 297 857 361 Atheniensem
879 297 1090 363 Antileontem
1113 303 1366 384 Metapontinum

71 420 103 471 et
126 406 341 486 Melanippum
366 403 609 488 Agrigentinum
635 425 697 466 non
728 401 924 465 contendisse
952 425 1020 466 cum
1048 395 1204 485 tyrannis,
1231 394 1289 471 etsi
1310 431 1365 473 eos

71 511 214 574 viderent
229 509 329 574 otnnia
347 524 485 586 vastare,
508 521 538 572 et
553 508 708 571 violentae
722 508 884 615 indulgere
899 507 1033 571 libidini.
1072 512 1246 595 Postquam
1262 527 1364 577 autem

70 615 197 695 tyranni
216 636 322 678 eornm
344 626 500 677 tentarunt
520 612 668 686 amasios,
688 625 835 694 tanquam
850 611 938 690 asyla
951 622 982 673 et
993 631 1189 683 sacrosancta
1204 617 1363 681 defensuri

69 743 139 784 cum
161 717 269 803 capitis
289 717 430 800 periculo
447 717 509 781 illis
523 717 717 781 restiterunt.
759 719 875 779 Fertur
892 715 1001 791 etiarn,
1024 716 1237 783 Alexandrum
1253 724 1362 815 Ἠιεο-Ι
1444 796 1446 800 ,

69 829 168 900 doro,
188 825 324 888 Proteae
344 822 453 895 fratri,
474 821 658 903 scripsisse
686 820 781 885 Mitte
802 819 876 884 mihi
897 821 1043 883 musicam
1064 834 1167 890 tuam
1194 838 1224 888 et
1244 848 1304 911 pro
1324 805 1361 892 ea

66 928 179 992 talenta
201 932 304 991 decem
326 927 449 1008 accipe,
470 925 530 989 nisi
548 927 644 1008 ipsam
668 946 764 988 arnas.
805 927 848 988 Et
863 947 989 1001 rursus,
1013 947 1081 987 cnm
1099 949 1176 988 unns
1195 932 1233 991 de
1250 926 1360 1007 sociis,

65 1033 299 1116 Antipatridas,
321 1036 359 1095 ad
380 1031 480 1112 ipsum
502 1053 572 1093 cnm
593 1030 722 1110 psaltria
738 1032 943 1092 comessatum
964 1025 1114 1104 venisset,
1133 1029 1168 1097 et¹
1185 1053 1217 1093 ea
1235 1036 1357 1114 perpla-

65 1137 195 1212 cnisset‚
216 1137 408 1220 quaesivisse
429 1157 469 1198 ex
489 1134 706 1216 Antipatrida‚
726 1156 869 1198 numnam
889 1146 1007 1197 amaret
1026 1135 1204 1216 psaltriam:
1228 1159 1359 1219 cumque

61 1242 89 1305 is
118 1246 283 1307 admodum
311 1264 329 1304 a
359 1263 391 1304 se
417 1261 484 1303 eant
511 1237 600 1322 diligi
626 1239 854 1320 respondisset,
879 1239 1000 1304 saturn·
1031 1240 1119 1305 Male
1145 1263 1224 1324 ergo
1249 1263 1359 1322 pereas

64 1348 182 1410 malus:
205 1343 391 1408 abstinuisse
412 1343 502 1408 etiam
523 1355 670 1407 contactu
692 1341 841 1407 mulieris.

142 1475 260 1539 XVII.
301 1476 407 1539 Porro
436 1489 535 1538 autern
564 1472 747 1546 considera,
777 1484 925 1556 quantum
953 1473 1070 1537 amoris
1096 1473 1177 1538 adsit
1208 1477 1361 1558 operibus¹

64 1579 210 1665 Martiis,
230 1601 299 1646 non
318 1577 456 1662 iqnaoi,
478 1591 512 1640 ut
533 1577 700 1656 Euripides
721 1591 831 1651 vocat,
851 1599 914 1640 non
935 1578 1039 1642 mollis
1140 1578 1142 1585 ’

256 1680 340 1750 Non
359 1679 524 1749 mollibus
538 1677 746 1771 puellarum
765 1681 874 1761 infixi
893 1682 1004 1765 penis.

61 1814 125 1877 Vir
144 1806 224 1878 enirn
245 1811 375 1875 Amoris
396 1809 542 1873 instinctu
563 1811 718 1892 repletus,
744 1809 823 1873 nihil
842 1811 961 1894 indiget
981 1813 1088 1876 Marte
1107 1827 1302 1900 pugnaturus
1322 1813 1354 1879 in

60 1921 201 1983 hostem:
224 1920 279 1979 sed
298 1914 346 1981 sni
368 1913 417 1977 dei
437 1915 537 1976 fretus
557 1914 745 1995 praesentia,
766 1936 823 1996 per

252 2016 396 2104 Ipnem,
416 2018 602 2107 marisque
617 2019 766 2101 fluctus,
788 2028 896 2107 atque
915 2018 1074 2087 turbines

256 2119 362 2188 Venti
378 2133 535 2210 paratus
556 2131 609 2188 est
627 2122 787 2188 transire
793 2170 804 2207 ,

59 2251 151 2342 arnici
169 2249 298 2337 gratia,
328 2265 424 2332 prout
446 2252 473 2315 is
498 2250 637 2340 jusserit.
678 2250 805 2315 Etenim
827 2254 864 2315 de
885 2250 1009 2316 Niobae
1025 2251 1103 2317 filiis
1124 2259 1207 2335 apud
1226 2254 1352 2335 Sopho·

61 2359 157 2432 clem,
178 2379 246 2419 cnm
261 2355 284 2419 ii
297 2355 419 2441 sagittis
432 2369 634 2431 necarentur,
655 2379 734 2419 unns
748 2354 864 2420 nullum
880 2355 971 2420 alium
987 2357 1183 2422 auxiliarium
1197 2359 1353 2434 inclamat,

61 2484 153 2547 quam
173 2459 340 2524 amasium.

255 2561 287 2632 O
306 2569 330 2642 †
350 2564 486 2631 circum
504 2585 561 2630 me
582 2544 800 2670 consponere

58 2694 154 2761 Scitis
181 2716 278 2772 vero,
308 2693 516 2760 Cleomachus
537 2694 717 2759 Pharsalius
746 2718 807 2780 qua
834 2697 872 2758 de
899 2717 989 2760 cansa
1015 2696 1047 2762 in
1073 2719 1177 2778 pagna
1196 2698 1352 2783 perierit?

58 2799 142 2866 Mihi
162 2822 254 2877 sane,
278 2799 380 2884 inquit
401 2798 596 2883 Pemptidas‚
616 2800 757 2881 ignotum
778 2813 841 2874 est,
861 2807 916 2866 sed
937 2800 1043 2865 audire
1066 2802 1171 2866 velim.
1212 2807 1255 2866 Et
1274 2827 1352 2886 pro·

56 2904 143 2970 fecto
163 2902 346 2991 cognitione
373 2903 466 2990 digna
493 2928 543 2968 res
569 2915 631 2978 est,
662 2903 764 2986 ajebat
791 2918 890 2986 pater.
930 2909 1100 2992 Flagrante
1121 2907 1202 2969 inter
1224 2907 1352 2971 Chalci·

57 3013 165 3074 denses
185 3023 216 3074 et
232 3009 431 3074 Eretrienses
452 3008 554 3084 hello,
578 3007 837 3072 Chalcidensibus
851 3009 970 3074 auxilio
985 3024 1113 3074 venerat
1129 3010 1350 3076 Cleomachus.

57 3114 255 3178 Videbantur
283 3126 382 3177 autem
410 3113 443 3175 hi
462 3113 601 3197 peditatu
621 3112 695 3176 satis
718 3114 837 3188 valere,
865 3118 919 3178 sed
939 3115 1057 3198 equites
1079 3118 1213 3179 hostium
1234 3117 1349 3198 pellere

57 3217 163 3302 magni
182 3231 249 3281 erat
268 3217 417 3301 arduique
433 3240 483 3281 res
497 3217 630 3282 laboris.
672 3219 1019 3301 ltaqueCleomachum
1035 3219 1114 3283 socii
1128 3223 1351 3297 hortabantur,

56 3341 172 3406 magno
199 3321 300 3384 virum
330 3322 451 3401 animo,
480 3336 515 3387 ut
538 3323 657 3406 primus
685 3323 852 3407 equitatum
879 3324 1022 3389 hostilem
1043 3324 1216 3390 invaderet.
1256 3328 1289 3390 Is
1309 3349 1350 3389 ex

55 3426 193 3501 amasio,
220 3424 274 3508 qui
295 3446 353 3487 una
374 3429 496 3503 aderat,
526 3427 698 3511 qnaesivit,
728 3419 926 3510 spectatorne
946 3451 1012 3493 esse
1033 3431 1209 3495 certaminis
1230 3433 1346 3495 vellet:

56 3553 190 3615 cunique
216 3530 244 3593 is
271 3531 468 3604 affirmasset,
497 3533 671 3615 blandeque
701 3524 900 3597 exosculatus
931 3535 1049 3617 galeam
1080 3536 1109 3599 ei
1134 3537 1348 3617 imposuisset,

55 3635 158 3701 animo
181 3634 312 3699 elatiore
334 3633 397 3718 jam
419 3634 641 3714 Cleomachus,
672 3641 896 3702 Thessalorum
917 3639 1042 3720 optimis
1068 3644 1163 3704 adse
1187 3640 1347 3716 collectis,

54 3741 201 3806 alacriter
227 3739 259 3804 in
286 3743 408 3806 hostem
429 3740 537 3816 irruit,
564 3741 606 3803 ita
627 3754 660 3805 ut
679 3741 848 3826 equitatum
868 3765 977 3807 eorum
998 3728 1235 3809 conturbaverit
1256 3758 1347 3828 atque

55 3845 224 3930 dejecerit:
270 3844 410 3932 fugaque
437 3845 547 3910 exinde
574 3845 664 3910 etiam
691 3847 798 3933 gravis
822 3862 996 3913 armaturae
1019 3848 1148 3914 militum
1172 3850 1273 3928 sacta,
1314 3850 1346 3913 vi

56 4097 94 4156 D.
118 4105 142 4155 7.
175 4097 273 4171 Ἄρεος]
292 4096 448 4170 Wyttenb.
468 4097 558 4167 Ἄρεως
572 4099 637 4153 sine
654 4097 712 4153 ulla
731 4101 907 4157 auctoritate
927 4098 1028 4156 edidit.

56 4187 95 4243 D.
116 4195 142 4245 9.
178 4191 229 4262 πῦρ
249 4195 292 4245 καὶ
309 4193 376 4257 ιιι]
399 4190 537 4264 separavi
556 4208 573 4244 a
593 4180 684 4264 prosa
704 4193 856 4261 oratione,
880 4203 912 4247 ut
933 4209 1038 4249 versus
1058 4208 1123 4248 esse
1140 4202 1291 4268 appareat.

56 4278 95 4334 D.
119 4286 160 4340 11.
178 4279 268 4356 simp]
293 4280 450 4354 Wyttenb.
470 4299 485 4338 e
506 4282 560 4337 BE.
595 4280 692 4354 Vulgo
709 4280 800 4356 ὥσπερ.

56 4372 92 4428 Ε.
119 4378 144 4429 l·
179 4376 318 4445 Νιοβιδῶν]
341 4377 438 4434 ueisk.
488 4373 585 4448 Vulgo
602 4377 740 4443 Nmftlduv.

56 4463 93 4520 E.
116 4471 141 4521 8.
177 4468 353 4534 Χαλκιδεῦσιν]
381 4466 443 4524 ΒΕ.
475 4468 572 4544 Vulgo
588 4468 738 4533 χαλκιδιῡιι.

56 4556 93 4617 F.
118 4562 144 4618 ³.
178 4563 201 4614 εὶ
218 4562 309 4630 pellet]
331 4560 364 4618 E.
401 4560 497 4637 Vulgo
520 4569 543 4618 εἰ
559 4562 655 4632 uelint.
