<?xml version="1.0" encoding="UTF-8"?>
<!DOCTYPE html PUBLIC "-//W3C//DTD XHTML 1.0 Transitional//EN"
    "http://www.w3.org/TR/xhtml1/DTD/xhtml1-transitional.dtd">
<html xmlns="http://www.w3.org/1999/xhtml" xml:lang="en" lang="en">
 <head>
  <title>
</title>
<meta http-equiv="Content-Type" content="text/html;charset=utf-8" />
  <meta name='ocr-system' content='tesseract 3.04.00' />
  <meta name='ocr-capabilities' content='ocr_page ocr_carea ocr_par ocr_line ocrx_word'/>
</head>
<body>
  <div class='ocr_page' id='page_1' title='image "./plutarchierotic00xylagoog_0075.png"; bbox 0 0 3036 4994; ppageno 0'>
   <div class='ocr_carea' id='block_1_1' title="bbox 154 181 953 257">
    <p class='ocr_par' dir='ltr' id='par_1_1' title="bbox 154 181 953 257">
     <span class='ocr_line' id='line_1_1' title="bbox 154 181 953 257; baseline -0.01 0"><span class='ocrx_word' id='word_1_1' title='bbox 154 192 192 257; x_wconf 75' lang='lat'><strong><em>52</em></strong></span> <span class='ocrx_word' id='word_1_2' title='bbox 625 181 953 252; x_wconf 78' lang='grc' dir='ltr'><em>ΠΛΟΥΤΑΡΧΟΥ</em></span> 
     </span>
    </p>
   </div>
   <div class='ocr_carea' id='block_1_2' title="bbox 104 340 1472 1256">
    <p class='ocr_par' dir='ltr' id='par_1_2' title="bbox 153 340 1434 540">
     <span class='ocr_line' id='line_1_2' title="bbox 153 340 1431 436; baseline -0.004 -21"><span class='ocrx_word' id='word_1_3' title='bbox 153 373 207 416; x_wconf 88' lang='grc' dir='ltr'><strong><em>ται</em></strong></span> <span class='ocrx_word' id='word_1_4' title='bbox 226 352 285 415; x_wconf 88' lang='grc' dir='ltr'><strong><em>τοῦ</em></strong></span> <span class='ocrx_word' id='word_1_5' title='bbox 305 347 424 427; x_wconf 69' lang='grc' dir='ltr'><strong><em>ῖγθονς,</em></strong></span> <span class='ocrx_word' id='word_1_6' title='bbox 444 340 674 430; x_wconf 75' lang='grc' dir='ltr'><strong><em>ἐκκαλούμενος</em></strong></span> <span class='ocrx_word' id='word_1_7' title='bbox 691 345 749 422; x_wconf 89' lang='grc' dir='ltr'><strong><em>τάς</em></strong></span> <span class='ocrx_word' id='word_1_8' title='bbox 766 342 873 436; x_wconf 74' lang='grc' dir='ltr'><strong><em>ἀφεῖς,</em></strong></span> <span class='ocrx_word' id='word_1_9' title='bbox 894 344 1066 433; x_wconf 93' lang='grc' dir='ltr'><strong><em>καθορῶσι</em></strong></span> <span class='ocrx_word' id='word_1_10' title='bbox 1084 348 1141 412; x_wconf 81' lang='grc' dir='ltr'><strong><em>καὶ</em></strong></span> <span class='ocrx_word' id='word_1_11' title='bbox 1158 344 1362 431; x_wconf 74' lang='grc' dir='ltr'><strong><em>συγγίνονται</em></strong></span> <span class='ocrx_word' id='word_1_12' title='bbox 1375 345 1431 411; x_wconf 85' lang='grc' dir='ltr'><strong><em>διὰ</em></strong></span> 
     </span>
     <span class='ocr_line' id='line_1_3' title="bbox 154 445 1434 540; baseline -0.005 -20"><span class='ocrx_word' id='word_1_13' title='bbox 154 453 259 540; x_wconf 89' lang='grc' dir='ltr'><strong><em>λόγων</em></strong></span> <span class='ocrx_word' id='word_1_14' title='bbox 277 451 382 517; x_wconf 84' lang='grc' dir='ltr'><strong><em>πολλὰ</em></strong></span> <span class='ocrx_word' id='word_1_15' title='bbox 397 454 453 517; x_wconf 81' lang='grc' dir='ltr'><strong><em>καὶ</em></strong></span> <span class='ocrx_word' id='word_1_16' title='bbox 469 448 615 538; x_wconf 86' lang='grc' dir='ltr'><strong><em>πράξεων</em></strong></span> <span class='ocrx_word' id='word_1_17' title='bbox 633 447 801 528; x_wconf 80' lang='grc' dir='ltr'><strong><em>ἀλλήλοις,</em></strong></span> <span class='ocrx_word' id='word_1_18' title='bbox 821 445 863 513; x_wconf 86' lang='grc' dir='ltr'><strong><em>ἀν</em></strong></span> <span class='ocrx_word' id='word_1_19' title='bbox 880 447 1065 538; x_wconf 74' lang='grc' dir='ltr'><strong><em>περίκομμα</em></strong></span> <span class='ocrx_word' id='word_1_20' title='bbox 1085 449 1143 515; x_wconf 88' lang='grc' dir='ltr'><strong><em>τοῦ</em></strong></span> <span class='ocrx_word' id='word_1_21' title='bbox 1159 451 1264 515; x_wconf 84' lang='grc' dir='ltr'><strong><em>καλοῦ</em></strong></span> <span class='ocrx_word' id='word_1_22' title='bbox 1273 452 1329 514; x_wconf 82' lang='grc' dir='ltr'><strong><em>καί</em></strong></span> <span class='ocrx_word' id='word_1_23' title='bbox 1342 449 1434 514; x_wconf 87' lang='grc' dir='ltr'><strong><em>εἴδω-</em></strong></span> 
     </span>
    </p>

    <p class='ocr_par' dir='ltr' id='par_1_3' title="bbox 104 549 1472 1256">
     <span class='ocr_line' id='line_1_4' title="bbox 104 549 1434 641; baseline -0.001 -23"><span class='ocrx_word' id='word_1_24' title='bbox 104 560 132 618; x_wconf 86' lang='grc' dir='ltr'><strong><em>Ῑ)</em></strong></span> <span class='ocrx_word' id='word_1_25' title='bbox 157 559 216 622; x_wconf 92' lang='grc' dir='ltr'><strong><em>λον</em></strong></span> <span class='ocrx_word' id='word_1_26' title='bbox 238 556 273 620; x_wconf 84' lang='grc' dir='ltr'><strong><em>έν</em></strong></span> <span class='ocrx_word' id='word_1_27' title='bbox 292 558 363 631; x_wconf 89' lang='grc' dir='ltr'><strong><em>ταῖς</em></strong></span> <span class='ocrx_word' id='word_1_28' title='bbox 389 553 549 630; x_wconf 79' lang='grc' dir='ltr'><strong><em>διανοίαις</em></strong></span> <span class='ocrx_word' id='word_1_29' title='bbox 567 550 693 638; x_wconf 80' lang='grc' dir='ltr'><strong><em>ἔχωσιν·</em></strong></span> <span class='ocrx_word' id='word_1_30' title='bbox 722 549 753 618; x_wconf 88' lang='grc' dir='ltr'><strong><em>εῖ</em></strong></span> <span class='ocrx_word' id='word_1_31' title='bbox 773 552 891 636; x_wconf 79' lang='grc' dir='ltr'><strong><em>δὲμὴ,</em></strong></span> <span class='ocrx_word' id='word_1_32' title='bbox 916 552 1042 641; x_wconf 78' lang='grc' dir='ltr'><strong><em>χαίρειν</em></strong></span> <span class='ocrx_word' id='word_1_33' title='bbox 1063 553 1154 631; x_wconf 80' lang='grc' dir='ltr'><strong><em>ἐῶσι,</em></strong></span> <span class='ocrx_word' id='word_1_34' title='bbox 1182 558 1239 619; x_wconf 84' lang='grc' dir='ltr'><strong><em>καὶ</em></strong></span> <span class='ocrx_word' id='word_1_35' title='bbox 1260 556 1434 640; x_wconf 86' lang='grc' dir='ltr'><strong><em>τρέπονται</em></strong></span> 
     </span>
     <span class='ocr_line' id='line_1_5' title="bbox 154 651 1435 746; baseline -0.003 -23"><span class='ocrx_word' id='word_1_36' title='bbox 154 657 236 746; x_wconf 84' lang='grc' dir='ltr'><strong><em>πρός</em></strong></span> <span class='ocrx_word' id='word_1_37' title='bbox 260 658 404 744; x_wconf 83' lang='grc' dir='ltr'><strong><em>ε’τέροας,</em></strong></span> <span class='ocrx_word' id='word_1_38' title='bbox 439 651 544 743; x_wconf 81' lang='grc' dir='ltr'><strong><em>ὥσπερ</em></strong></span> <span class='ocrx_word' id='word_1_39' title='bbox 570 657 605 720; x_wconf 89' lang='grc' dir='ltr'><strong><em>αί</em></strong></span> <span class='ocrx_word' id='word_1_40' title='bbox 633 656 776 739; x_wconf 80' lang='grc' dir='ltr'><strong><em>μέλιτται</em></strong></span> <span class='ocrx_word' id='word_1_41' title='bbox 802 655 908 720; x_wconf 88' lang='grc' dir='ltr'><strong><em>πολλά</em></strong></span> <span class='ocrx_word' id='word_1_42' title='bbox 932 657 996 720; x_wconf 89' lang='grc' dir='ltr'><strong><em>τῶν</em></strong></span> <span class='ocrx_word' id='word_1_43' title='bbox 1021 656 1152 742; x_wconf 82' lang='grc' dir='ltr'><strong><em>χλωρῶν</em></strong></span> <span class='ocrx_word' id='word_1_44' title='bbox 1175 658 1232 720; x_wconf 85' lang='grc' dir='ltr'><strong><em>καί</em></strong></span> <span class='ocrx_word' id='word_1_45' title='bbox 1257 654 1435 742; x_wconf 78' lang='grc' dir='ltr'><strong><em>ἀνθηρῶν,</em></strong></span> 
     </span>
     <span class='ocr_line' id='line_1_6' title="bbox 154 753 1433 846; baseline -0.004 -20"><span class='ocrx_word' id='word_1_46' title='bbox 154 762 227 846; x_wconf 89' lang='grc' dir='ltr'><strong><em>μέλι</em></strong></span> <span class='ocrx_word' id='word_1_47' title='bbox 252 761 286 826; x_wconf 77' lang='grc' dir='ltr'><strong><em>δὲ</em></strong></span> <span class='ocrx_word' id='word_1_48' title='bbox 304 758 361 825; x_wconf 88' lang='grc' dir='ltr'><strong><em>οὐκ</em></strong></span> <span class='ocrx_word' id='word_1_49' title='bbox 387 757 538 845; x_wconf 81' lang='grc' dir='ltr'><strong><em>ἐχόντων,</em></strong></span> <span class='ocrx_word' id='word_1_50' title='bbox 568 756 791 835; x_wconf 76' lang='grc' dir='ltr'><strong><em>ἀπολιπόντες·</em></strong></span> <span class='ocrx_word' id='word_1_51' title='bbox 824 753 907 825; x_wconf 84' lang='grc' dir='ltr'><strong><em>ὅπου</em></strong></span> <span class='ocrx_word' id='word_1_52' title='bbox 933 757 967 824; x_wconf 71' lang='grc' dir='ltr'><strong><em>δ’</em></strong></span> <span class='ocrx_word' id='word_1_53' title='bbox 993 753 1034 823; x_wconf 84' lang='grc' dir='ltr'><strong><em>ἀν</em></strong></span> <span class='ocrx_word' id='word_1_54' title='bbox 1060 756 1174 843; x_wconf 79' lang='grc' dir='ltr'><strong><em>ἔχωσιν</em></strong></span> <span class='ocrx_word' id='word_1_55' title='bbox 1201 759 1287 843; x_wconf 85' lang='grc' dir='ltr'><strong><em>ἴχνος</em></strong></span> <span class='ocrx_word' id='word_1_56' title='bbox 1311 782 1341 822; x_wconf 87' lang='grc' dir='ltr'><strong><em>τι</em></strong></span> <span class='ocrx_word' id='word_1_57' title='bbox 1371 758 1433 822; x_wconf 86' lang='grc' dir='ltr'><strong><em>τοῦ</em></strong></span> 
     </span>
     <span class='ocr_line' id='line_1_7' title="bbox 154 858 1433 952; baseline -0.004 -24"><span class='ocrx_word' id='word_1_58' title='bbox 154 864 252 930; x_wconf 87' lang='grc' dir='ltr'><strong><em>θείου</em></strong></span> <span class='ocrx_word' id='word_1_59' title='bbox 274 866 330 928; x_wconf 86' lang='grc' dir='ltr'><strong><em>καὶ</em></strong></span> <span class='ocrx_word' id='word_1_60' title='bbox 346 859 512 952; x_wconf 73' lang='grc' dir='ltr'><strong><em>ἀπορροὴν</em></strong></span> <span class='ocrx_word' id='word_1_61' title='bbox 530 864 586 927; x_wconf 87' lang='grc' dir='ltr'><strong><em>καὶ</em></strong></span> <span class='ocrx_word' id='word_1_62' title='bbox 604 859 780 944; x_wconf 87' lang='grc' dir='ltr'><strong><em>ὁμοιότητα</em></strong></span> <span class='ocrx_word' id='word_1_63' title='bbox 797 861 993 941; x_wconf 88' lang='grc' dir='ltr'><strong><em>σαίνουσαν,</em></strong></span> <span class='ocrx_word' id='word_1_64' title='bbox 1013 858 1067 949; x_wconf 83' lang='grc' dir='ltr'><strong><em>ὐφ’</em></strong></span> <span class='ocrx_word' id='word_1_65' title='bbox 1088 859 1207 941; x_wconf 78' lang='grc' dir='ltr'><strong><em>ἡδονῆς</em></strong></span> <span class='ocrx_word' id='word_1_66' title='bbox 1220 865 1276 925; x_wconf 88' lang='grc' dir='ltr'><strong><em>καὶ</em></strong></span> <span class='ocrx_word' id='word_1_67' title='bbox 1294 859 1433 945; x_wconf 88' lang='grc' dir='ltr'><strong><em>θαῦμα-</em></strong></span> 
     </span>
     <span class='ocr_line' id='line_1_8' title="bbox 153 961 1472 1056; baseline -0.005 -23"><span class='ocrx_word' id='word_1_68' title='bbox 153 990 209 1043; x_wconf 86' lang='grc' dir='ltr'><strong><em>τος</em></strong></span> <span class='ocrx_word' id='word_1_69' title='bbox 221 966 454 1043; x_wconf 82' lang='grc' dir='ltr'><strong><em>ἐνθουσιῶντες</em></strong></span> <span class='ocrx_word' id='word_1_70' title='bbox 467 967 522 1028; x_wconf 88' lang='grc' dir='ltr'><strong><em>καί</em></strong></span> <span class='ocrx_word' id='word_1_71' title='bbox 533 966 758 1053; x_wconf 68' lang='grc' dir='ltr'><strong><em>περισπῶντες,</em></strong></span> <span class='ocrx_word' id='word_1_72' title='bbox 770 962 956 1030; x_wconf 76' lang='grc' dir='ltr'><strong><em>εὐπαθοῦσι</em></strong></span> <span class='ocrx_word' id='word_1_73' title='bbox 968 965 1008 1056; x_wconf 75' lang='grc' dir='ltr'><strong><em>τῇ</em></strong></span> <span class='ocrx_word' id='word_1_74' title='bbox 1018 961 1126 1056; x_wconf 75' lang='grc' dir='ltr'><strong><em>μνήμῃ</em></strong></span> <span class='ocrx_word' id='word_1_75' title='bbox 1139 967 1194 1030; x_wconf 83' lang='grc' dir='ltr'><strong><em>καὶ</em></strong></span> <span class='ocrx_word' id='word_1_76' title='bbox 1204 962 1434 1053; x_wconf 82' lang='grc' dir='ltr'><strong><em>ἀναλάμπουσι</em></strong></span> <span class='ocrx_word' id='word_1_77' title='bbox 1471 1006 1472 1010; x_wconf 56' lang='lat'><em>=</em></span> 
     </span>
     <span class='ocr_line' id='line_1_9' title="bbox 154 1061 1434 1171; baseline -0.003 -36"><span class='ocrx_word' id='word_1_78' title='bbox 154 1069 236 1158; x_wconf 90' lang='grc' dir='ltr'><strong><em>πρός</em></strong></span> <span class='ocrx_word' id='word_1_79' title='bbox 261 1069 359 1171; x_wconf 67' lang='grc' dir='ltr'><strong><em>ἕχεῖνο</em></strong></span> <span class='ocrx_word' id='word_1_80' title='bbox 385 1068 423 1132; x_wconf 85' lang='grc' dir='ltr'><strong><em>τό</em></strong></span> <span class='ocrx_word' id='word_1_81' title='bbox 449 1065 605 1154; x_wconf 80' lang='grc' dir='ltr'><strong><em>ἐράσμιον</em></strong></span> <span class='ocrx_word' id='word_1_82' title='bbox 623 1064 759 1146; x_wconf 87' lang='grc' dir='ltr'><strong><em>ἀληθῶς</em></strong></span> <span class='ocrx_word' id='word_1_83' title='bbox 785 1069 840 1132; x_wconf 87' lang='grc' dir='ltr'><strong><em>καὶ</em></strong></span> <span class='ocrx_word' id='word_1_84' title='bbox 863 1064 1028 1154; x_wconf 89' lang='grc' dir='ltr'><strong><em>μακάριον</em></strong></span> <span class='ocrx_word' id='word_1_85' title='bbox 1045 1071 1102 1134; x_wconf 82' lang='grc' dir='ltr'><strong><em>καὶ</em></strong></span> <span class='ocrx_word' id='word_1_86' title='bbox 1120 1067 1231 1158; x_wconf 91' lang='grc' dir='ltr'><strong><em>φίλιον</em></strong></span> <span class='ocrx_word' id='word_1_87' title='bbox 1251 1061 1355 1133; x_wconf 85' lang='grc' dir='ltr'><strong><em>ἀπασι</em></strong></span> <span class='ocrx_word' id='word_1_88' title='bbox 1373 1069 1434 1131; x_wconf 83' lang='grc' dir='ltr'><strong><em>καὶ</em></strong></span> 
     </span>
     <span class='ocr_line' id='line_1_10' title="bbox 154 1171 333 1256; baseline 0 -18"><span class='ocrx_word' id='word_1_89' title='bbox 154 1171 333 1256; x_wconf 78' lang='grc' dir='ltr'><strong><em>ἀγαπητόν.</em></strong></span> 
     </span>
    </p>
   </div>
   <div class='ocr_carea' id='block_1_3' title="bbox 64 1305 1504 4026">
    <p class='ocr_par' dir='ltr' id='par_1_4' title="bbox 64 1305 1504 4026">
     <span class='ocr_line' id='line_1_11' title="bbox 230 1305 1432 1404; baseline -0.003 -23"><span class='ocrx_word' id='word_1_90' title='bbox 230 1314 268 1382; x_wconf 87' lang='grc' dir='ltr'><strong><em>κ’.</em></strong></span> <span class='ocrx_word' id='word_1_91' title='bbox 310 1313 360 1380; x_wconf 80' lang='grc' dir='ltr'><strong><em>Τά</em></strong></span> <span class='ocrx_word' id='word_1_92' title='bbox 385 1320 444 1400; x_wconf 76' lang='grc' dir='ltr'><strong><em>μὲν</em></strong></span> <span class='ocrx_word' id='word_1_93' title='bbox 469 1305 527 1380; x_wconf 83' lang='grc' dir='ltr'><strong><em>οὖν</em></strong></span> <span class='ocrx_word' id='word_1_94' title='bbox 554 1315 658 1380; x_wconf 87' lang='grc' dir='ltr'><strong><em>πολλά</em></strong></span> <span class='ocrx_word' id='word_1_95' title='bbox 687 1319 821 1395; x_wconf 84' lang='grc' dir='ltr'><strong><em>ποιηταί</em></strong></span> <span class='ocrx_word' id='word_1_96' title='bbox 852 1315 1105 1404; x_wconf 85' lang='grc' dir='ltr'><strong><em>προσπαίζοντες</em></strong></span> <span class='ocrx_word' id='word_1_97' title='bbox 1132 1313 1257 1382; x_wconf 77' lang='grc' dir='ltr'><strong><em>ἐοίκασι</em></strong></span> <span class='ocrx_word' id='word_1_98' title='bbox 1285 1315 1329 1403; x_wconf 79' lang='grc' dir='ltr'><strong><em>τῷ</em></strong></span> <span class='ocrx_word' id='word_1_99' title='bbox 1357 1314 1432 1404; x_wconf 77' lang='grc' dir='ltr'><strong><em>θεῷ</em></strong></span> 
     </span>
     <span class='ocr_line' id='line_1_12' title="bbox 104 1414 1432 1508; baseline -0.005 -20"><span class='ocrx_word' id='word_1_100' title='bbox 104 1432 128 1488; x_wconf 85' lang='grc' dir='ltr'>Ε</span> <span class='ocrx_word' id='word_1_101' title='bbox 153 1417 292 1507; x_wconf 78' lang='grc' dir='ltr'><strong><em>γράφειν</em></strong></span> <span class='ocrx_word' id='word_1_102' title='bbox 317 1423 391 1504; x_wconf 84' lang='grc' dir='ltr'><strong><em>περὶ</em></strong></span> <span class='ocrx_word' id='word_1_103' title='bbox 416 1419 595 1484; x_wconf 84' lang='grc' dir='ltr'><strong><em>αὐτοῦκαὶ</em></strong></span> <span class='ocrx_word' id='word_1_104' title='bbox 622 1414 712 1508; x_wconf 77' lang='grc' dir='ltr'><strong><em>ᾄδειν</em></strong></span> <span class='ocrx_word' id='word_1_105' title='bbox 736 1417 999 1503; x_wconf 81' lang='grc' dir='ltr'><strong><em>ἐπικωμάζοντες,</em></strong></span> <span class='ocrx_word' id='word_1_106' title='bbox 1031 1418 1126 1504; x_wconf 85' lang='grc' dir='ltr'><strong><em>ὀλίγα</em></strong></span> <span class='ocrx_word' id='word_1_107' title='bbox 1148 1421 1183 1486; x_wconf 80' lang='grc' dir='ltr'><strong><em>δέ</em></strong></span> <span class='ocrx_word' id='word_1_108' title='bbox 1205 1420 1329 1507; x_wconf 86' lang='grc' dir='ltr'><strong><em>εἴρηται</em></strong></span> <span class='ocrx_word' id='word_1_109' title='bbox 1347 1420 1432 1501; x_wconf 86' lang='grc' dir='ltr'><strong><em>μετά</em></strong></span> 
     </span>
     <span class='ocr_line' id='line_1_13' title="bbox 155 1520 1432 1612; baseline 0 -25"><span class='ocrx_word' id='word_1_110' title='bbox 155 1523 297 1600; x_wconf 83' lang='grc' dir='ltr'><strong><em>σπουδῆς</em></strong></span> <span class='ocrx_word' id='word_1_111' title='bbox 318 1520 443 1600; x_wconf 91' lang='grc' dir='ltr'><strong><em>αὐτοῖς,</em></strong></span> <span class='ocrx_word' id='word_1_112' title='bbox 473 1522 531 1586; x_wconf 85' lang='grc' dir='ltr'><strong><em>εἴτε</em></strong></span> <span class='ocrx_word' id='word_1_113' title='bbox 550 1521 634 1584; x_wconf 88' lang='grc' dir='ltr'><strong><em>κατά</em></strong></span> <span class='ocrx_word' id='word_1_114' title='bbox 652 1521 729 1584; x_wconf 89' lang='grc' dir='ltr'><strong><em>νοῦν</em></strong></span> <span class='ocrx_word' id='word_1_115' title='bbox 747 1522 802 1584; x_wconf 87' lang='grc' dir='ltr'><strong><em>καί</em></strong></span> <span class='ocrx_word' id='word_1_116' title='bbox 818 1521 993 1604; x_wconf 87' lang='grc' dir='ltr'><strong><em>λογισμόν,</em></strong></span> <span class='ocrx_word' id='word_1_117' title='bbox 1025 1522 1085 1586; x_wconf 87' lang='grc' dir='ltr'><strong><em>εἴτε</em></strong></span> <span class='ocrx_word' id='word_1_118' title='bbox 1107 1523 1167 1586; x_wconf 84' lang='grc' dir='ltr'><strong><em>σῦν</em></strong></span> <span class='ocrx_word' id='word_1_119' title='bbox 1185 1524 1332 1612; x_wconf 75' lang='grc' dir='ltr'><strong><em>θεῴτῆς</em></strong></span> <span class='ocrx_word' id='word_1_120' title='bbox 1352 1520 1432 1602; x_wconf 87' lang='grc' dir='ltr'><strong><em>άλη-</em></strong></span> 
     </span>
     <span class='ocr_line' id='line_1_14' title="bbox 154 1612 1159 1713; baseline 0 -25"><span class='ocrx_word' id='word_1_121' title='bbox 154 1624 252 1699; x_wconf 89' lang='grc' dir='ltr'><strong><em>θείας</em></strong></span> <span class='ocrx_word' id='word_1_122' title='bbox 273 1622 471 1713; x_wconf 75' lang='grc' dir='ltr'><strong><em>ἁψαμένοις·</em></strong></span> <span class='ocrx_word' id='word_1_123' title='bbox 496 1612 541 1686; x_wconf 87' lang='grc' dir='ltr'><strong><em>ῶν</em></strong></span> <span class='ocrx_word' id='word_1_124' title='bbox 559 1623 593 1687; x_wconf 81' lang='grc' dir='ltr'><strong><em>όν</em></strong></span> <span class='ocrx_word' id='word_1_125' title='bbox 613 1623 680 1686; x_wconf 80' lang='grc' dir='ltr'><strong><em>ἐστι</em></strong></span> <span class='ocrx_word' id='word_1_126' title='bbox 699 1626 756 1687; x_wconf 85' lang='grc' dir='ltr'><strong><em>καὶ</em></strong></span> <span class='ocrx_word' id='word_1_127' title='bbox 773 1621 811 1687; x_wconf 89' lang='grc' dir='ltr'><strong><em>τό</em></strong></span> <span class='ocrx_word' id='word_1_128' title='bbox 831 1625 905 1709; x_wconf 82' lang='grc' dir='ltr'><strong><em>περὶ</em></strong></span> <span class='ocrx_word' id='word_1_129' title='bbox 922 1623 979 1703; x_wconf 81' lang='grc' dir='ltr'><strong><em>τῆς</em></strong></span> <span class='ocrx_word' id='word_1_130' title='bbox 996 1625 1159 1704; x_wconf 86' lang='grc' dir='ltr'><strong><em>γενέσεως,</em></strong></span> 
     </span>
     <span class='ocr_line' id='line_1_15' title="bbox 458 1745 760 1813; baseline 0.003 -1"><span class='ocrx_word' id='word_1_131' title='bbox 458 1745 652 1812; x_wconf 87' lang='grc' dir='ltr'><strong><em>Δεινότατον</em></strong></span> <span class='ocrx_word' id='word_1_132' title='bbox 670 1747 760 1813; x_wconf 85' lang='grc' dir='ltr'><strong><em>θεῶν</em></strong></span> 
     </span>
     <span class='ocr_line' id='line_1_16' title="bbox 456 1837 891 1939; baseline -0.002 -24"><span class='ocrx_word' id='word_1_133' title='bbox 456 1845 612 1935; x_wconf 72' lang='grc' dir='ltr'><strong><em>Ἕγεὶναῖ</em></strong></span> <span class='ocrx_word' id='word_1_134' title='bbox 633 1846 796 1928; x_wconf 88' lang='grc' dir='ltr'><strong><em>εὐπέδιλος</em></strong></span> <span class='ocrx_word' id='word_1_135' title='bbox 811 1837 891 1939; x_wconf 79' lang='grc' dir='ltr'><strong><em>Ἶρις</em></strong></span> 
     </span>
     <span class='ocr_line' id='line_1_17' title="bbox 462 1951 1001 2044; baseline 0.002 -24"><span class='ocrx_word' id='word_1_136' title='bbox 462 1951 666 2043; x_wconf 78' lang='grc' dir='ltr'><strong><em>Χρυσοκόμφ</em></strong></span> <span class='ocrx_word' id='word_1_137' title='bbox 684 1952 810 2044; x_wconf 79' lang='grc' dir='ltr'><strong><em>ζεφύρῳ</em></strong></span> <span class='ocrx_word' id='word_1_138' title='bbox 829 1955 1001 2040; x_wconf 86' lang='grc' dir='ltr'><strong><em>μιχθεῖσα·</em></strong></span> 
     </span>
     <span class='ocr_line' id='line_1_18' title="bbox 156 2077 1432 2174; baseline 0.005 -25"><span class='ocrx_word' id='word_1_139' title='bbox 156 2077 187 2149; x_wconf 84' lang='grc' dir='ltr'><strong><em>ἐἰ</em></strong></span> <span class='ocrx_word' id='word_1_140' title='bbox 203 2081 248 2169; x_wconf 80' lang='grc' dir='ltr'><strong><em>μή</em></strong></span> <span class='ocrx_word' id='word_1_141' title='bbox 268 2106 300 2149; x_wconf 93' lang='grc' dir='ltr'><strong><em>τι</em></strong></span> <span class='ocrx_word' id='word_1_142' title='bbox 317 2084 373 2149; x_wconf 82' lang='grc' dir='ltr'><strong><em>καὶ</em></strong></span> <span class='ocrx_word' id='word_1_143' title='bbox 392 2079 476 2168; x_wconf 83' lang='grc' dir='ltr'><strong><em>ῦμάς</em></strong></span> <span class='ocrx_word' id='word_1_144' title='bbox 496 2080 749 2147; x_wconf 84' lang='grc' dir='ltr'><strong><em>ἀναπεπείκασιν</em></strong></span> <span class='ocrx_word' id='word_1_145' title='bbox 776 2083 808 2146; x_wconf 87' lang='grc' dir='ltr'><strong><em>οῖ</em></strong></span> <span class='ocrx_word' id='word_1_146' title='bbox 835 2083 1071 2171; x_wconf 80' lang='grc' dir='ltr'><strong><em>γραμματικοί,</em></strong></span> <span class='ocrx_word' id='word_1_147' title='bbox 1110 2085 1253 2170; x_wconf 87' lang='grc' dir='ltr'><strong><em>λέγοντες</em></strong></span> <span class='ocrx_word' id='word_1_148' title='bbox 1287 2088 1369 2174; x_wconf 92' lang='grc' dir='ltr'><strong><em>πρός</em></strong></span> <span class='ocrx_word' id='word_1_149' title='bbox 1393 2092 1432 2155; x_wconf 87' lang='grc' dir='ltr'><strong><em>τό</em></strong></span> 
     </span>
     <span class='ocr_line' id='line_1_19' title="bbox 156 2183 1431 2273; baseline 0.002 -20"><span class='ocrx_word' id='word_1_150' title='bbox 156 2186 304 2254; x_wconf 88' lang='grc' dir='ltr'><strong><em>ποικίλον</em></strong></span> <span class='ocrx_word' id='word_1_151' title='bbox 323 2188 381 2254; x_wconf 88' lang='grc' dir='ltr'><strong><em>τοῦ</em></strong></span> <span class='ocrx_word' id='word_1_152' title='bbox 398 2186 532 2264; x_wconf 86' lang='grc' dir='ltr'><strong><em>πάθους</em></strong></span> <span class='ocrx_word' id='word_1_153' title='bbox 552 2189 607 2251; x_wconf 86' lang='grc' dir='ltr'><strong><em>καὶ</em></strong></span> <span class='ocrx_word' id='word_1_154' title='bbox 628 2185 666 2250; x_wconf 88' lang='grc' dir='ltr'><strong><em>τό</em></strong></span> <span class='ocrx_word' id='word_1_155' title='bbox 687 2184 839 2273; x_wconf 88' lang='grc' dir='ltr'><strong><em>ἀνθηρόν</em></strong></span> <span class='ocrx_word' id='word_1_156' title='bbox 860 2189 1024 2271; x_wconf 84' lang='grc' dir='ltr'><strong><em>γεγονέναι</em></strong></span> <span class='ocrx_word' id='word_1_157' title='bbox 1045 2186 1104 2268; x_wconf 80' lang='grc' dir='ltr'><strong><em>τὴν</em></strong></span> <span class='ocrx_word' id='word_1_158' title='bbox 1123 2183 1282 2256; x_wconf 86' lang='grc' dir='ltr'><strong><em>εἰκασίαν.</em></strong></span> <span class='ocrx_word' id='word_1_159' title='bbox 1321 2193 1392 2255; x_wconf 88' lang='grc' dir='ltr'><strong><em>Καὶ</em></strong></span> <span class='ocrx_word' id='word_1_160' title='bbox 1413 2193 1431 2256; x_wconf 88' lang='grc' dir='ltr'><strong><em>ό</em></strong></span> 
     </span>
     <span class='ocr_line' id='line_1_20' title="bbox 155 2280 1432 2381; baseline 0.002 -25"><span class='ocrx_word' id='word_1_161' title='bbox 155 2291 342 2380; x_wconf 81' lang='grc' dir='ltr'><strong><em>Δαφναῖος,</em></strong></span> <span class='ocrx_word' id='word_1_162' title='bbox 380 2290 473 2380; x_wconf 90' lang='grc' dir='ltr'><strong><em>Πρός</em></strong></span> <span class='ocrx_word' id='word_1_163' title='bbox 496 2288 528 2354; x_wconf 87' lang='grc' dir='ltr'><strong><em>τί</em></strong></span> <span class='ocrx_word' id='word_1_164' title='bbox 553 2288 635 2376; x_wconf 86' lang='grc' dir='ltr'><strong><em>γάρ,</em></strong></span> <span class='ocrx_word' id='word_1_165' title='bbox 667 2287 749 2377; x_wconf 81' lang='grc' dir='ltr'><strong><em>ἔφη,</em></strong></span> <span class='ocrx_word' id='word_1_166' title='bbox 783 2289 914 2374; x_wconf 74' lang='grc' dir='ltr'><strong><em>ἕτερονς</em></strong></span> <span class='ocrx_word' id='word_1_167' title='bbox 949 2287 1116 2373; x_wconf 72' lang='grc' dir='ltr'><strong><em>Ἀκούετες</em></strong></span> <span class='ocrx_word' id='word_1_168' title='bbox 1151 2280 1236 2356; x_wconf 82' lang='grc' dir='ltr'><strong><em>εἶπεν</em></strong></span> <span class='ocrx_word' id='word_1_169' title='bbox 1266 2292 1284 2358; x_wconf 89' lang='grc' dir='ltr'><strong><em>ό</em></strong></span> <span class='ocrx_word' id='word_1_170' title='bbox 1310 2295 1432 2381; x_wconf 80' lang='grc' dir='ltr'><strong><em>πατὴρ·</em></strong></span> 
     </span>
     <span class='ocr_line' id='line_1_21' title="bbox 157 2390 1434 2484; baseline 0.002 -26"><span class='ocrx_word' id='word_1_171' title='bbox 157 2390 238 2458; x_wconf 86' lang='grc' dir='ltr'><strong><em>οὐτω</em></strong></span> <span class='ocrx_word' id='word_1_172' title='bbox 261 2394 324 2480; x_wconf 88' lang='grc' dir='ltr'><strong><em>γάρ</em></strong></span> <span class='ocrx_word' id='word_1_173' title='bbox 346 2393 490 2476; x_wconf 80' lang='grc' dir='ltr'><strong><em>βιάζεται</em></strong></span> <span class='ocrx_word' id='word_1_174' title='bbox 508 2393 544 2458; x_wconf 91' lang='grc' dir='ltr'><strong><em>τό</em></strong></span> <span class='ocrx_word' id='word_1_175' title='bbox 564 2392 764 2480; x_wconf 88' lang='grc' dir='ltr'><strong><em>φαινόμενον</em></strong></span> <span class='ocrx_word' id='word_1_176' title='bbox 787 2393 897 2475; x_wconf 87' lang='grc' dir='ltr'><strong><em>λέγειν.</em></strong></span> <span class='ocrx_word' id='word_1_177' title='bbox 931 2391 1125 2471; x_wconf 80' lang='grc' dir='ltr'><strong><em>Ἆνάκλασις</em></strong></span> <span class='ocrx_word' id='word_1_178' title='bbox 1149 2394 1189 2474; x_wconf 79' lang='grc' dir='ltr'><strong><em>δή</em></strong></span> <span class='ocrx_word' id='word_1_179' title='bbox 1215 2419 1278 2461; x_wconf 91' lang='grc' dir='ltr'><strong><em>που</em></strong></span> <span class='ocrx_word' id='word_1_180' title='bbox 1303 2397 1339 2461; x_wconf 92' lang='grc' dir='ltr'><strong><em>τό</em></strong></span> <span class='ocrx_word' id='word_1_181' title='bbox 1362 2399 1434 2484; x_wconf 84' lang='grc' dir='ltr'><strong><em>περὶ</em></strong></span> 
     </span>
     <span class='ocr_line' id='line_1_22' title="bbox 157 2484 1436 2589; baseline 0.003 -28"><span class='ocrx_word' id='word_1_182' title='bbox 157 2494 216 2575; x_wconf 78' lang='grc' dir='ltr'><strong><em>τὴν</em></strong></span> <span class='ocrx_word' id='word_1_183' title='bbox 242 2484 308 2584; x_wconf 85' lang='grc' dir='ltr'><strong><em>ἶριν</em></strong></span> <span class='ocrx_word' id='word_1_184' title='bbox 337 2496 401 2559; x_wconf 81' lang='grc' dir='ltr'><strong><em>ἐστὶ</em></strong></span> <span class='ocrx_word' id='word_1_185' title='bbox 428 2497 485 2574; x_wconf 74' lang='grc' dir='ltr'><strong><em>τῆς</em></strong></span> <span class='ocrx_word' id='word_1_186' title='bbox 516 2492 621 2582; x_wconf 79' lang='grc' dir='ltr'><strong><em>ὄφεως</em></strong></span> <span class='ocrx_word' id='word_1_187' title='bbox 649 2494 776 2573; x_wconf 90' lang='grc' dir='ltr'><strong><em>πάθος,</em></strong></span> <span class='ocrx_word' id='word_1_188' title='bbox 810 2491 889 2576; x_wconf 79' lang='grc' dir='ltr'><strong><em>όταν</em></strong></span> <span class='ocrx_word' id='word_1_189' title='bbox 916 2493 1020 2578; x_wconf 81' lang='grc' dir='ltr'><strong><em>ἡσυχῆ</em></strong></span> <span class='ocrx_word' id='word_1_190' title='bbox 1045 2490 1180 2588; x_wconf 75' lang='grc' dir='ltr'><strong><em>νοτερῷ,</em></strong></span> <span class='ocrx_word' id='word_1_191' title='bbox 1212 2500 1286 2589; x_wconf 73' lang='grc' dir='ltr'><strong><em>λείῳ</em></strong></span> <span class='ocrx_word' id='word_1_192' title='bbox 1316 2503 1350 2565; x_wconf 79' lang='grc' dir='ltr'><strong><em>δὲ</em></strong></span> <span class='ocrx_word' id='word_1_193' title='bbox 1379 2504 1436 2565; x_wconf 86' lang='grc' dir='ltr'><strong><em>καὶ</em></strong></span> 
     </span>
     <span class='ocr_line' id='line_1_23' title="bbox 106 2589 1436 2687; baseline -0.001 -21"><span class='ocrx_word' id='word_1_194' title='bbox 106 2610 129 2666; x_wconf 80' lang='lat' dir='ltr'>F</span> <span class='ocrx_word' id='word_1_195' title='bbox 157 2589 403 2685; x_wconf 84' lang='grc' dir='ltr'><strong><em>μέτριονπάχος</em></strong></span> <span class='ocrx_word' id='word_1_196' title='bbox 417 2595 520 2681; x_wconf 81' lang='grc' dir='ltr'><strong><em>ἔχοντι</em></strong></span> <span class='ocrx_word' id='word_1_197' title='bbox 534 2598 765 2681; x_wconf 81' lang='grc' dir='ltr'><strong><em>προσπεσοῦσα</em></strong></span> <span class='ocrx_word' id='word_1_198' title='bbox 784 2596 874 2682; x_wconf 87' lang='grc' dir='ltr'><strong><em>νέφει</em></strong></span> <span class='ocrx_word' id='word_1_199' title='bbox 891 2597 949 2659; x_wconf 88' lang='grc' dir='ltr'><strong><em>τοῦ</em></strong></span> <span class='ocrx_word' id='word_1_200' title='bbox 962 2595 1056 2674; x_wconf 84' lang='grc' dir='ltr'><strong><em>ἡλίου</em></strong></span> <span class='ocrx_word' id='word_1_201' title='bbox 1074 2598 1187 2687; x_wconf 77' lang='grc' dir='ltr'><strong><em>φαόσῃ</em></strong></span> <span class='ocrx_word' id='word_1_202' title='bbox 1207 2601 1276 2665; x_wconf 77' lang='grc' dir='ltr'><strong><em>κατ’</em></strong></span> <span class='ocrx_word' id='word_1_203' title='bbox 1295 2600 1436 2666; x_wconf 88' lang='grc' dir='ltr'><strong><em>ἀνάκλα-</em></strong></span> 
     </span>
     <span class='ocr_line' id='line_1_24' title="bbox 157 2695 1436 2789; baseline 0.002 -25"><span class='ocrx_word' id='word_1_204' title='bbox 157 2720 222 2778; x_wconf 91' lang='grc' dir='ltr'><strong><em>σιν,</em></strong></span> <span class='ocrx_word' id='word_1_205' title='bbox 244 2703 301 2764; x_wconf 85' lang='grc' dir='ltr'><strong><em>καὶ</em></strong></span> <span class='ocrx_word' id='word_1_206' title='bbox 319 2700 377 2777; x_wconf 82' lang='grc' dir='ltr'><strong><em>τὴν</em></strong></span> <span class='ocrx_word' id='word_1_207' title='bbox 396 2703 469 2784; x_wconf 79' lang='grc' dir='ltr'><strong><em>περὶ</em></strong></span> <span class='ocrx_word' id='word_1_208' title='bbox 488 2699 608 2762; x_wconf 79' lang='grc' dir='ltr'><strong><em>ἐκεῖνον</em></strong></span> <span class='ocrx_word' id='word_1_209' title='bbox 625 2696 727 2780; x_wconf 78' lang='grc' dir='ltr'><strong><em>αὐγὴν</em></strong></span> <span class='ocrx_word' id='word_1_210' title='bbox 746 2695 855 2783; x_wconf 85' lang='grc' dir='ltr'><strong><em>ὁρῶσα</em></strong></span> <span class='ocrx_word' id='word_1_211' title='bbox 872 2701 928 2761; x_wconf 89' lang='grc' dir='ltr'><strong><em>καὶ</em></strong></span> <span class='ocrx_word' id='word_1_212' title='bbox 944 2698 981 2761; x_wconf 84' lang='grc' dir='ltr'><strong><em>τό</em></strong></span> <span class='ocrx_word' id='word_1_213' title='bbox 995 2701 1080 2784; x_wconf 84' lang='grc' dir='ltr'><strong><em>φῶς,</em></strong></span> <span class='ocrx_word' id='word_1_214' title='bbox 1101 2699 1199 2779; x_wconf 83' lang='grc' dir='ltr'><strong><em>δόξαν</em></strong></span> <span class='ocrx_word' id='word_1_215' title='bbox 1213 2701 1291 2785; x_wconf 82' lang='grc' dir='ltr'><strong><em>ἡμῖν</em></strong></span> <span class='ocrx_word' id='word_1_216' title='bbox 1308 2704 1436 2789; x_wconf 88' lang='grc' dir='ltr'><strong><em>ένεργά-</em></strong></span> 
     </span>
     <span class='ocr_line' id='line_1_25' title="bbox 159 2797 1504 2892; baseline 0.001 -22"><span class='ocrx_word' id='word_1_217' title='bbox 159 2825 256 2884; x_wconf 88' lang='grc' dir='ltr'><strong><em>σηται</em></strong></span> <span class='ocrx_word' id='word_1_218' title='bbox 274 2804 331 2869; x_wconf 90' lang='grc' dir='ltr'><strong><em>τοῦ</em></strong></span> <span class='ocrx_word' id='word_1_219' title='bbox 350 2800 583 2891; x_wconf 80' lang='grc' dir='ltr'><strong><em>φαντάσματος</em></strong></span> <span class='ocrx_word' id='word_1_220' title='bbox 609 2797 650 2877; x_wconf 86' lang='grc' dir='ltr'><strong><em>ὡς</em></strong></span> <span class='ocrx_word' id='word_1_221' title='bbox 669 2801 703 2865; x_wconf 82' lang='grc' dir='ltr'><strong><em>έν</em></strong></span> <span class='ocrx_word' id='word_1_222' title='bbox 721 2802 766 2891; x_wconf 76' lang='grc' dir='ltr'><strong><em>τῷ</em></strong></span> <span class='ocrx_word' id='word_1_223' title='bbox 786 2801 876 2889; x_wconf 85' lang='grc' dir='ltr'><strong><em>νέφει</em></strong></span> <span class='ocrx_word' id='word_1_224' title='bbox 898 2797 998 2876; x_wconf 80' lang='grc' dir='ltr'><strong><em>ὄντος.</em></strong></span> <span class='ocrx_word' id='word_1_225' title='bbox 1043 2802 1146 2866; x_wconf 86' lang='grc' dir='ltr'><strong><em>Τοῦτο</em></strong></span> <span class='ocrx_word' id='word_1_226' title='bbox 1168 2803 1207 2882; x_wconf 81' lang='grc' dir='ltr'><strong><em>δὴ</em></strong></span> <span class='ocrx_word' id='word_1_227' title='bbox 1227 2805 1264 2869; x_wconf 90' lang='grc' dir='ltr'><strong><em>τό</em></strong></span> <span class='ocrx_word' id='word_1_228' title='bbox 1285 2807 1436 2892; x_wconf 79' lang='grc' dir='ltr'><strong><em>ἐρωτικόν</em></strong></span> <span class='ocrx_word' id='word_1_229' title='bbox 1500 2844 1504 2857; x_wconf 83' lang='grc'><em>·</em></span> 
     </span>
     <span class='ocr_line' id='line_1_26' title="bbox 159 2901 1437 2994; baseline 0.001 -22"><span class='ocrx_word' id='word_1_230' title='bbox 159 2904 334 2991; x_wconf 79' lang='grc' dir='ltr'><strong><em>μηχάνημα</em></strong></span> <span class='ocrx_word' id='word_1_231' title='bbox 353 2908 409 2970; x_wconf 82' lang='grc' dir='ltr'><strong><em>καί</em></strong></span> <span class='ocrx_word' id='word_1_232' title='bbox 424 2901 573 2990; x_wconf 87' lang='grc' dir='ltr'><strong><em>σόφισμα</em></strong></span> <span class='ocrx_word' id='word_1_233' title='bbox 588 2906 662 2990; x_wconf 84' lang='grc' dir='ltr'><strong><em>περὶ</em></strong></span> <span class='ocrx_word' id='word_1_234' title='bbox 676 2903 733 2980; x_wconf 89' lang='grc' dir='ltr'><strong><em>τάς</em></strong></span> <span class='ocrx_word' id='word_1_235' title='bbox 751 2903 877 2992; x_wconf 78' lang='grc' dir='ltr'><strong><em>εὐφυεῖς</em></strong></span> <span class='ocrx_word' id='word_1_236' title='bbox 893 2907 949 2969; x_wconf 86' lang='grc' dir='ltr'><strong><em>καὶ</em></strong></span> <span class='ocrx_word' id='word_1_237' title='bbox 961 2903 1158 2992; x_wconf 87' lang='grc' dir='ltr'><strong><em>φιλοκάλους</em></strong></span> <span class='ocrx_word' id='word_1_238' title='bbox 1172 2909 1280 2994; x_wconf 77' lang='grc' dir='ltr'><strong><em>φυγάς</em></strong></span> <span class='ocrx_word' id='word_1_239' title='bbox 1296 2907 1437 2974; x_wconf 81' lang='grc' dir='ltr'><strong><em>ἀνάκλα-</em></strong></span> 
     </span>
     <span class='ocr_line' id='line_1_27' title="bbox 162 3005 1436 3098; baseline 0.003 -25"><span class='ocrx_word' id='word_1_240' title='bbox 162 3031 214 3074; x_wconf 93' lang='grc' dir='ltr'><strong><em>σιν</em></strong></span> <span class='ocrx_word' id='word_1_241' title='bbox 232 3014 320 3074; x_wconf 89' lang='grc' dir='ltr'><strong><em>ποιεῖ</em></strong></span> <span class='ocrx_word' id='word_1_242' title='bbox 336 3009 393 3088; x_wconf 81' lang='grc' dir='ltr'><strong><em>τῆς</em></strong></span> <span class='ocrx_word' id='word_1_243' title='bbox 414 3007 541 3093; x_wconf 77' lang='grc' dir='ltr'><strong><em>μνήμης</em></strong></span> <span class='ocrx_word' id='word_1_244' title='bbox 561 3005 626 3071; x_wconf 87' lang='grc' dir='ltr'><strong><em>ἀπό</em></strong></span> <span class='ocrx_word' id='word_1_245' title='bbox 646 3008 708 3072; x_wconf 91' lang='grc' dir='ltr'><strong><em>τῶν</em></strong></span> <span class='ocrx_word' id='word_1_246' title='bbox 729 3007 877 3072; x_wconf 79' lang='grc' dir='ltr'><strong><em>ἐνταῦθα</em></strong></span> <span class='ocrx_word' id='word_1_247' title='bbox 897 3010 1101 3094; x_wconf 91' lang='grc' dir='ltr'><strong><em>φαινομένων</em></strong></span> <span class='ocrx_word' id='word_1_248' title='bbox 1120 3012 1177 3074; x_wconf 86' lang='grc' dir='ltr'><strong><em>καί</em></strong></span> <span class='ocrx_word' id='word_1_249' title='bbox 1195 3032 1436 3098; x_wconf 87' lang='grc' dir='ltr'><strong><em>προσαγορευο-</em></strong></span> 
     </span>
     <span class='ocr_line' id='line_1_28' title="bbox 64 3108 1438 3197; baseline 0.003 -22"><span class='ocrx_word' id='word_1_250' title='bbox 64 3140 67 3145; x_wconf 92' lang='grc'><strong><em>·</em></strong></span> <span class='ocrx_word' id='word_1_251' title='bbox 160 3114 264 3195; x_wconf 90' lang='grc' dir='ltr'><strong><em>με’νων</em></strong></span> <span class='ocrx_word' id='word_1_252' title='bbox 288 3113 411 3192; x_wconf 87' lang='grc' dir='ltr'><strong><em>καλῶν,</em></strong></span> <span class='ocrx_word' id='word_1_253' title='bbox 444 3109 486 3186; x_wconf 84' lang='grc' dir='ltr'><strong><em>εἰς</em></strong></span> <span class='ocrx_word' id='word_1_254' title='bbox 514 3110 551 3174; x_wconf 90' lang='grc' dir='ltr'><strong><em>τό</em></strong></span> <span class='ocrx_word' id='word_1_255' title='bbox 579 3111 676 3174; x_wconf 86' lang='grc' dir='ltr'><strong><em>θεῖον</em></strong></span> <span class='ocrx_word' id='word_1_256' title='bbox 703 3114 760 3175; x_wconf 88' lang='grc' dir='ltr'><strong><em>καὶ</em></strong></span> <span class='ocrx_word' id='word_1_257' title='bbox 788 3108 943 3196; x_wconf 78' lang='grc' dir='ltr'><strong><em>ἐράσμιον</em></strong></span> <span class='ocrx_word' id='word_1_258' title='bbox 968 3110 1211 3197; x_wconf 84' lang='grc' dir='ltr'><strong><em>καὶμακάριον</em></strong></span> <span class='ocrx_word' id='word_1_259' title='bbox 1236 3111 1277 3190; x_wconf 86' lang='grc' dir='ltr'><strong><em>ὡς</em></strong></span> <span class='ocrx_word' id='word_1_260' title='bbox 1302 3113 1438 3195; x_wconf 86' lang='grc' dir='ltr'><strong><em>ἀληθῶς</em></strong></span> 
     </span>
     <span class='ocr_line' id='line_1_29' title="bbox 162 3211 1438 3300; baseline 0.002 -20"><span class='ocrx_word' id='word_1_261' title='bbox 162 3215 260 3280; x_wconf 88' lang='grc' dir='ltr'><strong><em>έκεῖνο</em></strong></span> <span class='ocrx_word' id='word_1_262' title='bbox 280 3219 336 3280; x_wconf 87' lang='grc' dir='ltr'><strong><em>καὶ</em></strong></span> <span class='ocrx_word' id='word_1_263' title='bbox 355 3212 547 3299; x_wconf 78' lang='grc' dir='ltr'><strong><em>θαυμάσιον</em></strong></span> <span class='ocrx_word' id='word_1_264' title='bbox 562 3211 671 3279; x_wconf 92' lang='grc' dir='ltr'><strong><em>καλόν.</em></strong></span> <span class='ocrx_word' id='word_1_265' title='bbox 697 3211 781 3278; x_wconf 80' lang='grc' dir='ltr'><strong><em>Ἀλλ’</em></strong></span> <span class='ocrx_word' id='word_1_266' title='bbox 803 3216 834 3278; x_wconf 84' lang='grc' dir='ltr'><strong><em>οἱ</em></strong></span> <span class='ocrx_word' id='word_1_267' title='bbox 853 3215 968 3278; x_wconf 89' lang='grc' dir='ltr'><strong><em>πολλοὶ</em></strong></span> <span class='ocrx_word' id='word_1_268' title='bbox 985 3219 1045 3298; x_wconf 81' lang='grc' dir='ltr'><strong><em>μέν</em></strong></span> <span class='ocrx_word' id='word_1_269' title='bbox 1061 3216 1095 3279; x_wconf 82' lang='grc' dir='ltr'><strong><em>έν</em></strong></span> <span class='ocrx_word' id='word_1_270' title='bbox 1110 3218 1203 3280; x_wconf 85' lang='grc' dir='ltr'><strong><em>παισὶ</em></strong></span> <span class='ocrx_word' id='word_1_271' title='bbox 1219 3220 1273 3280; x_wconf 82' lang='grc' dir='ltr'><strong><em>καὶ</em></strong></span> <span class='ocrx_word' id='word_1_272' title='bbox 1285 3217 1438 3300; x_wconf 79' lang='grc' dir='ltr'><strong><em>γυναιξὶν,</em></strong></span> 
     </span>
     <span class='ocr_line' id='line_1_30' title="bbox 164 3313 1438 3409; baseline 0.001 -26"><span class='ocrx_word' id='word_1_273' title='bbox 164 3313 268 3406; x_wconf 85' lang='grc' dir='ltr'><strong><em>ῶσπερ</em></strong></span> <span class='ocrx_word' id='word_1_274' title='bbox 286 3319 320 3382; x_wconf 83' lang='grc' dir='ltr'><strong><em>έν</em></strong></span> <span class='ocrx_word' id='word_1_275' title='bbox 335 3316 541 3402; x_wconf 86' lang='grc' dir='ltr'><strong><em>κατόπτροις,</em></strong></span> <span class='ocrx_word' id='word_1_276' title='bbox 561 3317 693 3382; x_wconf 84' lang='grc' dir='ltr'><strong><em>εἴδωλον</em></strong></span> <span class='ocrx_word' id='word_1_277' title='bbox 706 3315 805 3381; x_wconf 87' lang='grc' dir='ltr'><strong><em>αὐτοῦ</em></strong></span> <span class='ocrx_word' id='word_1_278' title='bbox 821 3315 1066 3406; x_wconf 86' lang='grc' dir='ltr'><strong><em>φανταζόμενον</em></strong></span> <span class='ocrx_word' id='word_1_279' title='bbox 1078 3315 1242 3396; x_wconf 87' lang='grc' dir='ltr'><strong><em>διώκοντες</em></strong></span> <span class='ocrx_word' id='word_1_280' title='bbox 1258 3324 1312 3384; x_wconf 84' lang='grc' dir='ltr'><strong><em>καί</em></strong></span> <span class='ocrx_word' id='word_1_281' title='bbox 1329 3323 1438 3409; x_wconf 78' lang='grc' dir='ltr'><strong><em>ψηλα-</em></strong></span> 
     </span>
     <span class='ocr_line' id='line_1_31' title="bbox 99 3418 1439 3513; baseline 0.001 -28"><span class='ocrx_word' id='word_1_282' title='bbox 99 3448 148 3501; x_wconf 74' lang='lat'><strong><em>76⁶</em></strong></span> <span class='ocrx_word' id='word_1_283' title='bbox 165 3424 301 3513; x_wconf 82' lang='grc' dir='ltr'><strong><em>φῶυτες,</em></strong></span> <span class='ocrx_word' id='word_1_284' title='bbox 332 3418 423 3486; x_wconf 77' lang='grc' dir='ltr'><strong><em>οὐδὲν</em></strong></span> <span class='ocrx_word' id='word_1_285' title='bbox 446 3419 566 3501; x_wconf 78' lang='grc' dir='ltr'><strong><em>ἡδονῆς</em></strong></span> <span class='ocrx_word' id='word_1_286' title='bbox 586 3425 780 3506; x_wconf 66' lang='grc' dir='ltr'><strong><em>μεμιγμένας</em></strong></span> <span class='ocrx_word' id='word_1_287' title='bbox 798 3419 880 3511; x_wconf 76' lang='grc' dir='ltr'><strong><em>λύπῃ</em></strong></span> <span class='ocrx_word' id='word_1_288' title='bbox 901 3419 1055 3485; x_wconf 81' lang='grc' dir='ltr'><strong><em>δύνανται</em></strong></span> <span class='ocrx_word' id='word_1_289' title='bbox 1076 3421 1188 3504; x_wconf 82' lang='grc' dir='ltr'><strong><em>λαβεῖν</em></strong></span> <span class='ocrx_word' id='word_1_290' title='bbox 1210 3422 1439 3509; x_wconf 78' lang='grc' dir='ltr'><strong><em>βεβαιότερον·</em></strong></span> 
     </span>
     <span class='ocr_line' id='line_1_32' title="bbox 166 3512 1440 3614; baseline 0.001 -25"><span class='ocrx_word' id='word_1_291' title='bbox 166 3522 235 3589; x_wconf 81' lang='grc' dir='ltr'><strong><em>ἀλλ’</em></strong></span> <span class='ocrx_word' id='word_1_292' title='bbox 264 3512 357 3601; x_wconf 86' lang='grc' dir='ltr'><strong><em>οὐτος</em></strong></span> <span class='ocrx_word' id='word_1_293' title='bbox 383 3523 484 3589; x_wconf 83' lang='grc' dir='ltr'><strong><em>ἔοικεν</em></strong></span> <span class='ocrx_word' id='word_1_294' title='bbox 509 3523 527 3589; x_wconf 89' lang='grc' dir='ltr'><strong>ὁ</strong></span> <span class='ocrx_word' id='word_1_295' title='bbox 552 3522 757 3602; x_wconf 83' lang='grc' dir='ltr'><strong><em>τοῦἸξίονος</em></strong></span> <span class='ocrx_word' id='word_1_296' title='bbox 781 3524 901 3614; x_wconf 84' lang='grc' dir='ltr'><strong><em>ίλιγγος</em></strong></span> <span class='ocrx_word' id='word_1_297' title='bbox 925 3513 1084 3588; x_wconf 84' lang='grc' dir='ltr'><strong><em>εἶναικαὶ</em></strong></span> <span class='ocrx_word' id='word_1_298' title='bbox 1110 3524 1245 3603; x_wconf 88' lang='grc' dir='ltr'><strong><em>πλάνος,</em></strong></span> <span class='ocrx_word' id='word_1_299' title='bbox 1276 3528 1310 3590; x_wconf 84' lang='grc' dir='ltr'><strong><em>έν</em></strong></span> <span class='ocrx_word' id='word_1_300' title='bbox 1328 3530 1440 3614; x_wconf 88' lang='grc' dir='ltr'><strong><em>νέφεσι</em></strong></span> 
     </span>
     <span class='ocr_line' id='line_1_33' title="bbox 171 3622 1443 3716; baseline 0.001 -23"><span class='ocrx_word' id='word_1_301' title='bbox 171 3626 264 3693; x_wconf 86' lang='grc' dir='ltr'><strong><em>κενόν</em></strong></span> <span class='ocrx_word' id='word_1_302' title='bbox 288 3622 392 3714; x_wconf 83' lang='grc' dir='ltr'><strong><em>ῶσπερ</em></strong></span> <span class='ocrx_word' id='word_1_303' title='bbox 414 3629 733 3712; x_wconf 82' lang='grc' dir='ltr'><strong><em>σκιαῖςθηρωμένου</em></strong></span> <span class='ocrx_word' id='word_1_304' title='bbox 751 3627 789 3692; x_wconf 88' lang='grc' dir='ltr'><strong><em>τό</em></strong></span> <span class='ocrx_word' id='word_1_305' title='bbox 808 3625 1030 3710; x_wconf 81' lang='grc' dir='ltr'><strong><em>ποθούμενον·</em></strong></span> <span class='ocrx_word' id='word_1_306' title='bbox 1056 3623 1160 3716; x_wconf 86' lang='grc' dir='ltr'><strong><em>ῶσπερ</em></strong></span> <span class='ocrx_word' id='word_1_307' title='bbox 1179 3632 1211 3693; x_wconf 85' lang='grc' dir='ltr'><strong><em>οἱ</em></strong></span> <span class='ocrx_word' id='word_1_308' title='bbox 1229 3629 1342 3705; x_wconf 88' lang='grc' dir='ltr'><strong><em>παῖδες</em></strong></span> <span class='ocrx_word' id='word_1_309' title='bbox 1362 3651 1443 3714; x_wconf 87' lang='grc' dir='ltr'><strong><em>προ-</em></strong></span> 
     </span>
     <span class='ocr_line' id='line_1_34' title="bbox 115 3719 1437 3819; baseline 0.003 -24"><span class='ocrx_word' id='word_1_310' title='bbox 115 3750 119 3757; x_wconf 59' lang='lat'>*</span> <span class='ocrx_word' id='word_1_311' title='bbox 168 3727 372 3815; x_wconf 86' lang='grc' dir='ltr'><strong><em>θυμούμενοι</em></strong></span> <span class='ocrx_word' id='word_1_312' title='bbox 390 3731 448 3809; x_wconf 79' lang='grc' dir='ltr'><strong><em>τὴν</em></strong></span> <span class='ocrx_word' id='word_1_313' title='bbox 467 3719 531 3816; x_wconf 82' lang='grc' dir='ltr'><strong><em>ἶριν</em></strong></span> <span class='ocrx_word' id='word_1_314' title='bbox 550 3730 630 3795; x_wconf 81' lang='grc' dir='ltr'><strong><em>ἑλεῖν</em></strong></span> <span class='ocrx_word' id='word_1_315' title='bbox 648 3733 722 3795; x_wconf 83' lang='grc' dir='ltr'><strong><em>ταῖν</em></strong></span> <span class='ocrx_word' id='word_1_316' title='bbox 739 3734 861 3816; x_wconf 89' lang='grc' dir='ltr'><strong><em>χεροῖν,</em></strong></span> <span class='ocrx_word' id='word_1_317' title='bbox 888 3729 1052 3815; x_wconf 74' lang='grc' dir='ltr'><strong><em>ἑλκόμενοι</em></strong></span> <span class='ocrx_word' id='word_1_318' title='bbox 1070 3733 1152 3819; x_wconf 91' lang='grc' dir='ltr'><strong><em>πρός</em></strong></span> <span class='ocrx_word' id='word_1_319' title='bbox 1170 3731 1207 3796; x_wconf 86' lang='grc' dir='ltr'><strong><em>τό</em></strong></span> <span class='ocrx_word' id='word_1_320' title='bbox 1227 3732 1437 3819; x_wconf 86' lang='grc' dir='ltr'><strong><em>φαινόμενον.</em></strong></span> 
     </span>
     <span class='ocr_line' id='line_1_35' title="bbox 169 3831 1442 3923; baseline 0 -25"><span class='ocrx_word' id='word_1_321' title='bbox 169 3832 318 3922; x_wconf 81' lang='grc' dir='ltr'><strong><em>Εὐφαοῦς</em></strong></span> <span class='ocrx_word' id='word_1_322' title='bbox 338 3834 372 3896; x_wconf 84' lang='grc' dir='ltr'><strong><em>δὲ</em></strong></span> <span class='ocrx_word' id='word_1_323' title='bbox 392 3834 529 3919; x_wconf 80' lang='grc' dir='ltr'><strong><em>ἐραστοῦ</em></strong></span> <span class='ocrx_word' id='word_1_324' title='bbox 548 3837 604 3898; x_wconf 89' lang='grc' dir='ltr'><strong><em>καὶ</em></strong></span> <span class='ocrx_word' id='word_1_325' title='bbox 624 3831 793 3922; x_wconf 85' lang='grc' dir='ltr'><strong><em>σώφρονος</em></strong></span> <span class='ocrx_word' id='word_1_326' title='bbox 816 3831 913 3910; x_wconf 86' lang='grc' dir='ltr'><strong><em>ἀλλος</em></strong></span> <span class='ocrx_word' id='word_1_327' title='bbox 931 3833 1068 3923; x_wconf 89' lang='grc' dir='ltr'><strong><em>τρόπος·</em></strong></span> <span class='ocrx_word' id='word_1_328' title='bbox 1099 3835 1166 3900; x_wconf 86' lang='grc' dir='ltr'><strong><em>έκεῖ</em></strong></span> <span class='ocrx_word' id='word_1_329' title='bbox 1178 3835 1242 3923; x_wconf 89' lang='grc' dir='ltr'><strong><em>γάρ</em></strong></span> <span class='ocrx_word' id='word_1_330' title='bbox 1261 3835 1442 3901; x_wconf 78' lang='grc' dir='ltr'><strong><em>ἀνακλᾶται</em></strong></span> 
     </span>
     <span class='ocr_line' id='line_1_36' title="bbox 169 3932 1440 4026; baseline 0 -24"><span class='ocrx_word' id='word_1_331' title='bbox 169 3937 251 4025; x_wconf 87' lang='grc' dir='ltr'><strong><em>πρὸς</em></strong></span> <span class='ocrx_word' id='word_1_332' title='bbox 268 3936 305 4001; x_wconf 84' lang='grc' dir='ltr'><strong><em>τό</em></strong></span> <span class='ocrx_word' id='word_1_333' title='bbox 327 3937 423 4001; x_wconf 88' lang='grc' dir='ltr'><strong><em>θεῖον</em></strong></span> <span class='ocrx_word' id='word_1_334' title='bbox 441 3937 496 4000; x_wconf 83' lang='grc' dir='ltr'><strong><em>καὶ</em></strong></span> <span class='ocrx_word' id='word_1_335' title='bbox 514 3936 630 4015; x_wconf 84' lang='grc' dir='ltr'><strong><em>νοητόν</em></strong></span> <span class='ocrx_word' id='word_1_336' title='bbox 646 3932 763 4001; x_wconf 90' lang='grc' dir='ltr'><strong><em>καλόν·</em></strong></span> <span class='ocrx_word' id='word_1_337' title='bbox 798 3935 919 4026; x_wconf 85' lang='grc' dir='ltr'><strong><em>ὁρατοῦ</em></strong></span> <span class='ocrx_word' id='word_1_338' title='bbox 940 3938 975 4003; x_wconf 80' lang='grc' dir='ltr'><strong><em>δὲ</em></strong></span> <span class='ocrx_word' id='word_1_339' title='bbox 994 3936 1143 4022; x_wconf 84' lang='grc' dir='ltr'><strong><em>σώματος</em></strong></span> <span class='ocrx_word' id='word_1_340' title='bbox 1161 3937 1295 4023; x_wconf 76' lang='grc' dir='ltr'><strong><em>ε’ντυχῶν</em></strong></span> <span class='ocrx_word' id='word_1_341' title='bbox 1313 3936 1440 4016; x_wconf 88' lang='grc' dir='ltr'><strong><em>κάλλει,</em></strong></span> 
     </span>
    </p>
   </div>
   <div class='ocr_carea' id='block_1_4' title="bbox 166 4111 405 4126">
    <p class='ocr_par' dir='ltr' id='par_1_5' title="bbox 166 4111 405 4126">
     <span class='ocr_line' id='line_1_37' title="bbox 166 4111 405 4126; baseline 0 -2"><span class='ocrx_word' id='word_1_342' title='bbox 166 4111 405 4126; x_wconf 39' lang='lat' dir='ltr'><strong>U</strong></span> 
     </span>
    </p>
   </div>
   <div class='ocr_carea' id='block_1_5' title="bbox 167 4235 1091 4675">
    <p class='ocr_par' dir='ltr' id='par_1_6' title="bbox 167 4235 1091 4494">
     <span class='ocr_line' id='line_1_38' title="bbox 167 4235 1059 4314; baseline -0.002 -21"><span class='ocrx_word' id='word_1_343' title='bbox 167 4235 202 4293; x_wconf 87' lang='lat' dir='ltr'><strong><em>C.</em></strong></span> <span class='ocrx_word' id='word_1_344' title='bbox 226 4244 253 4296; x_wconf 77' lang='lat'><strong><em>8.</em></strong></span> <span class='ocrx_word' id='word_1_345' title='bbox 287 4238 473 4310; x_wconf 72' lang='grc' dir='ltr'><strong><em>λκααλοάμενος]</em></strong></span> <span class='ocrx_word' id='word_1_346' title='bbox 491 4238 644 4312; x_wconf 83' lang='lat' dir='ltr'><strong>Wytteub.</strong></span> <span class='ocrx_word' id='word_1_347' title='bbox 663 4240 791 4314; x_wconf 80' lang='lat' dir='ltr'><strong>conjecit</strong></span> <span class='ocrx_word' id='word_1_348' title='bbox 808 4241 1011 4312; x_wconf 77' lang='grc' dir='ltr'><strong><em>λκκεκαλυμμένοι</em></strong></span> <span class='ocrx_word' id='word_1_349' title='bbox 1025 4261 1059 4294; x_wconf 82' lang='grc' dir='ltr'><strong><em>τε.</em></strong></span> 
     </span>
     <span class='ocr_line' id='line_1_39' title="bbox 171 4322 1091 4410; baseline 0.002 -24"><span class='ocrx_word' id='word_1_350' title='bbox 171 4330 210 4386; x_wconf 86' lang='lat' dir='ltr'><strong><em>D.</em></strong></span> <span class='ocrx_word' id='word_1_351' title='bbox 229 4336 255 4389; x_wconf 79' lang='grc' dir='ltr'><strong><em>ό.</em></strong></span> <span class='ocrx_word' id='word_1_352' title='bbox 289 4332 320 4406; x_wconf 74' lang='grc' dir='ltr'><strong><em>τῇ</em></strong></span> <span class='ocrx_word' id='word_1_353' title='bbox 337 4333 420 4404; x_wconf 73' lang='grc' dir='ltr'><strong><em>μνήμῃ</em></strong></span> <span class='ocrx_word' id='word_1_354' title='bbox 438 4339 480 4387; x_wconf 74' lang='grc' dir='ltr'><strong><em>καί</em></strong></span> <span class='ocrx_word' id='word_1_355' title='bbox 495 4322 682 4404; x_wconf 83' lang='grc' dir='ltr'><strong><em>ἀναλάμπουσι]</em></strong></span> <span class='ocrx_word' id='word_1_356' title='bbox 700 4333 811 4391; x_wconf 79' lang='lat' dir='ltr'>addidit</span> <span class='ocrx_word' id='word_1_357' title='bbox 827 4331 981 4410; x_wconf 58' lang='lat' dir='ltr'><strong>Wyttenb.</strong></span> <span class='ocrx_word' id='word_1_358' title='bbox 998 4351 1014 4388; x_wconf 82' lang='lat' dir='ltr'>e</span> <span class='ocrx_word' id='word_1_359' title='bbox 1031 4326 1091 4388; x_wconf 82' lang='grc' dir='ltr'><strong><em>ΒΕ.</em></strong></span> 
     </span>
     <span class='ocr_line' id='line_1_40' title="bbox 171 4423 709 4494; baseline 0.009 -14"><span class='ocrx_word' id='word_1_360' title='bbox 171 4423 205 4494; x_wconf 73' lang='grc' dir='ltr'><strong><em>Ε.</em></strong></span> <span class='ocrx_word' id='word_1_361' title='bbox 226 4431 253 4483; x_wconf 82' lang='grc'><strong><em>4.</em></strong></span> <span class='ocrx_word' id='word_1_362' title='bbox 287 4425 366 4491; x_wconf 79' lang='grc' dir='ltr'><strong><em>θεῶν]</em></strong></span> <span class='ocrx_word' id='word_1_363' title='bbox 383 4427 462 4480; x_wconf 83' lang='grc' dir='ltr'><strong><em>θειῶν</em></strong></span> <span class='ocrx_word' id='word_1_364' title='bbox 482 4427 537 4485; x_wconf 77' lang='grc' dir='ltr'><strong><em>ΒΕ.</em></strong></span> <span class='ocrx_word' id='word_1_365' title='bbox 557 4426 623 4483; x_wconf 81' lang='lat' dir='ltr'>Ald.</span> <span class='ocrx_word' id='word_1_366' title='bbox 642 4430 709 4485; x_wconf 74' lang='lat' dir='ltr'><strong>Bas.</strong></span> 
     </span>
    </p>

    <p class='ocr_par' dir='ltr' id='par_1_7' title="bbox 171 4516 875 4594">
     <span class='ocr_line' id='line_1_41' title="bbox 171 4516 875 4594; baseline 0.001 -22"><span class='ocrx_word' id='word_1_367' title='bbox 171 4517 205 4574; x_wconf 82' lang='grc' dir='ltr'><strong><em>Ε,</em></strong></span> <span class='ocrx_word' id='word_1_368' title='bbox 229 4521 255 4573; x_wconf 81' lang='lat'><strong><em>5.</em></strong></span> <span class='ocrx_word' id='word_1_369' title='bbox 289 4516 404 4587; x_wconf 68' lang='grc' dir='ltr'><strong><em>ἐμείνατ’]</em></strong></span> <span class='ocrx_word' id='word_1_370' title='bbox 422 4518 619 4576; x_wconf 77' lang='lat' dir='ltr'>Gaisfordius.</span> <span class='ocrx_word' id='word_1_371' title='bbox 654 4519 748 4594; x_wconf 83' lang='lat' dir='ltr'>Vulgo</span> <span class='ocrx_word' id='word_1_372' title='bbox 765 4526 875 4590; x_wconf 77' lang='grc' dir='ltr'><strong><em>γείνατο.</em></strong></span> 
     </span>
    </p>

    <p class='ocr_par' dir='ltr' id='par_1_8' title="bbox 170 4607 805 4675">
     <span class='ocr_line' id='line_1_42' title="bbox 170 4607 805 4675; baseline 0.008 -12"><span class='ocrx_word' id='word_1_373' title='bbox 170 4608 203 4664; x_wconf 85' lang='lat' dir='ltr'><strong><em>F.</em></strong></span> <span class='ocrx_word' id='word_1_374' title='bbox 228 4616 252 4664; x_wconf 86' lang='grc'><strong><em>1.</em></strong></span> <span class='ocrx_word' id='word_1_375' title='bbox 287 4607 377 4675; x_wconf 83' lang='grc' dir='ltr'><strong><em>πάγος]</em></strong></span> <span class='ocrx_word' id='word_1_376' title='bbox 395 4610 557 4674; x_wconf 81' lang='grc' dir='ltr'><strong><em>πάθοςΒΕ.</em></strong></span> <span class='ocrx_word' id='word_1_377' title='bbox 578 4613 646 4672; x_wconf 81' lang='lat' dir='ltr'>Ald.</span> <span class='ocrx_word' id='word_1_378' title='bbox 664 4616 729 4670; x_wconf 73' lang='lat' dir='ltr'><strong>Bas,</strong></span> <span class='ocrx_word' id='word_1_379' title='bbox 803 4638 805 4642; x_wconf 70' lang='grc'>’</span> 
     </span>
    </p>
   </div>
   <div class='ocr_carea' id='block_1_6' title="bbox 0 0 1532 4994">
    <p class='ocr_par' dir='ltr' id='par_1_9' title="bbox 0 0 1532 4994">
     <span class='ocr_line' id='line_1_43' title="bbox 0 0 1532 4994; baseline 0 0"><span class='ocrx_word' id='word_1_380' title='bbox 0 0 1532 4994; x_wconf 95' lang='lat' dir='ltr'><strong><em> </em></strong></span> 
     </span>
    </p>
   </div>
  </div>
 </body>
</html>
