3036 4994
153 164 192 227 21
626 155 959 227 ΠΛΟΥΤΑΡΧΟΥ

148 319 339 406 μεταλαβὼν
357 321 399 387 δι’
418 319 541 411 ἐχθρόν
560 318 660 386 ἄλλον
674 315 827 410 έθάῥρει,
845 318 888 397 ὡς
903 317 1001 401 ἔοικε,
1014 315 1059 407 τῷ
1071 312 1211 408 δράματι
1226 311 1446 403 γεγραμμένη

152 425 374 510 πανηγυρικῶς
392 428 449 488 καὶ
470 422 640 509 περιττῶς,
660 421 778 501 ἤλλαξε
795 421 852 487 τόν
870 418 980 506 στίχον
998 417 1040 496 ὡς
1060 422 1120 485 νύν
1136 421 1339 508 γέγραπται,

346 524 443 605 Ζεύς,
463 524 504 600 ὡς
523 524 666 589 λέλεκται
684 524 741 604 τῆς
760 519 922 602 ἀληθείας
940 516 1015 587 ύπο.

158 628 199 695 Τί
220 617 277 694 σύν
292 630 441 715 διαφέρει
458 627 516 706 τὴν
535 626 684 709 περὶτοῦ
703 624 779 701 Διὸς
795 623 893 704 δόξαν
912 621 933 703 ῆ
952 625 1008 703 τῆς
1021 621 1167 704 Ἀθηνᾶς
1187 620 1209 703 ἢ
1226 618 1446 709 τούἜροτος

155 729 200 810 εἰς
218 733 405 818 ἀμφίβολον
421 732 463 818 τῷ
482 727 566 819 λόγῳ
585 725 781 811 θέσθαιςῆ
799 733 855 793 καὶ
872 726 1009 809 ἀδηλονς
1029 725 1067 792 ού
1085 728 1147 814 γὰρ
1167 728 1226 791 νῦν
1240 722 1335 792 αίιεῖ
1353 727 1444 813 πρό-

158 857 217 911 τον
239 837 350 920 βωμὸν
369 833 501 920 δ”Ερως
519 835 574 897 καὶ
592 833 734 911 θυσίαν,
754 832 828 897 ούδέ
848 828 963 912 ἔπηλυς
986 828 1019 895 ἔκ
1041 852 1128 907 τινος
1149 829 1363 917 βαρβαρικῆς
1383 831 1445 895 δα·

159 939 377 1022 σιδαιμονίας,
397 932 503 1023 ίίσπερ
517 935 734 1012 ”Ατται.τινές
751 940 806 1000 καί
823 935 996 1000 Ἀδωναῖοι
1015 932 1195 1018 λεγόμενοι,
1215 933 1255 998 δι’
1281 930 1448 1023 ἀνδρογύ-

107 1069 135 1124 D
158 1064 222 1119 νων
240 1067 297 1108 και
318 1043 477 1126 γυναικῶν
495 1036 711 1126 παραδύεται,
730 1042 786 1103 καὶ
805 1035 915 1155 κρύφα
938 1035 1031 1119 τιμὰς
1052 1035 1090 1101 σύ
1107 1033 1344 1124 προσηκούσας
1366 1059 1448 1124 τιαρ-
1484 968 1491 1099 ί

155 1145 329 1230 τισόμενος,
349 1139 428 1210 ὥστε
447 1149 708 1266 παρεισγραφῆς
716 1142 808 1222 δίκην
830 1142 969 1228 φεύγειν
977 1144 1035 1205 καὶ
1038 1139 1191 1221 νοθείας
1209 1139 1267 1219 τῆς
1285 1138 1325 1203 ἐν
1337 1108 1493 1217 θεοῖς.Ι

153 1247 273 1314 Ἀλλ’
265 1244 344 1312 όταν
363 1244 650 1331 Ἐμπεδοκλέους’
631 1244 771 1337 ακούσης
789 1232 996 1331 λέγοντος,
972 1269 997 1308 ω
1015 1243 1180 1329 ίταίρε.
1491 1236 1495 1249 “

349 1351 420 1414 Καὶ
439 1348 608 1436 φιλότης’
593 1369 628 1413 εν
647 1351 751 1414 τοῖσιν
770 1348 824 1428 ἴση
843 1346 945 1431 μῆκός
964 1370 997 1412 τε
1017 1345 1138 1423 πλάτος
1149 1369 1208 1424 τε,
1298 1395 1343 1401 .
1396 1394 1399 1399 -

352 1453 419 1530 Τῆν
439 1451 479 1515 σύ
497 1450 562 1541 νόῳ
583 1451 709 1538 δέρκου,
728 1449 844 1534 μηδ”
832 1451 975 1534 όμμασιν
995 1440 1057 1529 ἧσο
1071 1447 1268 1528 τεθηπώς.
1309 1497 1312 1503 ·
1352 1498 1378 1505 -.

156 1556 259 1619 ταῦτα
278 1553 412 1617 οἴεσθαι
430 1553 491 1637 χρὴ
512 1554 668 1636 λέγεσθαι
691 1555 766 1638 περὶ
787 1549 942 1639 Ἔρωτος·
970 1550 1008 1616 ού
1020 1550 1089 1639 Ιγσίρ
1110 1551 1196 1616 ἐστιν
1216 1548 1342 1638 ὁρατός
1360 1548 1452 1617 ἀλλά

159 1656 313 1734 δοξαστὸς
329 1655 406 1739 ἡμῖν
424 1656 442 1720 ὁ
458 1650 547 1732 θεὸς
560 1645 654 1733 οὗτος
672 1655 707 1720 έν
725 1657 794 1732 τοῖς
809 1652 894 1719 πάνυ
909 1657 1076 1733 παλαιοῖς·
1096 1644 1140 1719 νύν
1155 1649 1198 1718 ἀν
1214 1658 1294 1739 περὶ
1307 1652 1456 1721 έιιάστου

159 1758 330 1845 τεκμήριον
348 1757 503 1848 ἀπαιτῇς,
523 1756 644 1834 παντὸς
662 1754 840 1840 ἁπτόμενος
863 1758 964 1843 ἱεροῦ,
984 1760 1040 1821 καὶ
1058 1758 1155 1821 παντί
1171 1755 1273 1845 βωμφ
1292 1776 1454 1845 σοφιστι·

159 1863 220 1942 κῆυ
231 1860 359 1983 ἐπάγων
371 1865 504 1947 πεῖραν,
525 1859 617 1926 οὐδὲν
633 1857 899 1947 ἀσυκοφάντητον
913 1855 986 1924 ούδέ
972 1855 1451 1949 έάβασάνισισνάπσλείιγεις·

160 1963 281 2055 Πόρρω
302 1966 364 2050 γὰρ
387 1964 444 2028 ούκ
464 1961 593 2046 ἄπειμι,

110 2089 133 2144 Ε
356 2066 475 2147 Τῆνδ
494 2059 746 2156 Ἀφροδίτην’
712 2091 771 2153 ουχ
789 2066 869 2158 όρρίς
889 2038 950 2148 όση
970 2067 1070 2144 θεὸς·

347 2171 394 2236 ‘H
409 2168 442 2236 δ’
463 2171 548 2236 ἐστὶν
567 2197 586 2252 η
607 2193 667 2237 σιτ
653 2194 786 2259 ιρουσα
802 2195 858 2237 και
878 2170 998 2237 διδούσ
1013 2169 1131 2258 Ἐρων,
1214 2220 1218 2229 .
1281 2206 1300 2231 ·.
1343 2216 1347 2223 -

356 2265 402 2339 Ού
421 2272 538 2352 πάντες
557 2275 652 2358 έσμὲν
672 2279 704 2341 οἱ
723 2276 806 2340 κατὰ
825 2273 964 2360 χθόν”
952 2273 1089 2360 ε’κγονοι.
1230 2340 1233 2345 ,
1280 2334 1282 2339 .

162 2376 363 2463 Ζείδωρον
382 2376 444 2462 γ’ἀρ
464 2375 564 2458 αὐτὴν
573 2377 801 2462 Εμπεδοκλῆς,
824 2378 1040 2468 Εύιιαρπον
1063 2380 1097 2444 δὲ
1110 2378 1281 2470 Σοφοκλῆς
1296 2376 1443 2464 ἐμμελῶς

147 2479 248 2543 πάνυ
274 2483 329 2543 καὶ
355 2479 539 2564 πρεπόντως
560 2478 745 2564 ὠνόμασαν.
781 2478 911 2548 Ἀλλ”’
891 2507 978 2565 ομως
997 2482 1035 2547 τό
1057 2484 1139 2603 μέγα
1164 2485 1337 2549 τοῦτοκαὶ
1356 2482 1454 2547 θαυ-

163 2581 290 2665 μαστὸν
313 2579 506 2668 Ἀφροδίτης
526 2586 587 2665 μέν
610 2579 725 2666 ἔργον,
745 2581 885 2671 Ἔρωτος
910 2584 943 2648 δέ
963 2583 1131 2706 πάρεργόν
1157 2587 1244 2650 έστιυ
1268 2581 1453 2676 Ἀφροδίτη

164 2679 404 2769 συμπαρόντος
422 2682 468 2765 μῆ
489 2681 774 2768 συμπαρόντοςδὲ
793 2687 911 2775 κσμιδη
933 2682 969 2750 τό
989 2686 1167 2772 γινόμενον
1176 2686 1330 2785 ἄζηλον
1319 2684 1457 2769 ἀπολεί-

163 2800 257 2846 πεται
269 2788 325 2847 καὶ
338 2781 452 2867 ἀτιμου
464 2804 521 2847 και
509 2781 661 2905 ἀφιλον.
676 2782 921 2871 ’Λνέρασιος
882 2811 945 2875 γαρ
962 2786 1090 2872 ὁμιλία,
1109 2789 1267 2879 καθάπερ
1284 2792 1384 2856 πεῖνα
1397 2791 1455 2855 καί

162 2886 260 2969 δίψα,
278 2882 600 2971 πλησμονῆνὲχουσα
611 2889 727 2972 πέρας,
744 2885 789 2966 είς
805 2889 897 2955 οὐδὲν
915 2887 1078 2977 ἐξικνεῖται
1096 2891 1213 2959 καλόν·
1232 2890 1304 2969 ἀλλ’
1316 2890 1454 2975 ῆθεός

113 3007 136 3062 F
156 2989 271 3074 Ερωτι
287 2988 345 3052 τὸν
360 2986 459 3074 κόρον
478 2986 673 3087 ἀφαιροῦσα
688 2989 745 3071 τῆς
760 2991 892 3074 ἡδονῆς,
913 2993 1071 3083 φιλότητα
1087 2999 1176 3083 ποιεί
1187 2998 1243 3062 καὶ
1261 2992 1456 3084 σύγκρασιν.

81 3124 85 3141 ·
166 3093 224 3158 Διὸ
241 3092 450 3177 Παρμενίδης
468 3100 528 3178 μέν
548 3092 726 3184 ἀποφαίνει
745 3096 934 3184 τὸνἜρωτα
954 3100 1017 3165 τῶν
1033 3098 1228 3190 Ἀφροδίτης
1249 3097 1359 3188 ἔργων
1379 3120 1456 3183 πρε-

166 3195 340 3277 σβύτατον,
361 3195 395 3259 έν
413 3200 452 3288 τῇ
472 3198 687 3288 Κοσμογουία
706 3197 859 3289 γράφων,
915 3224 918 3231 ·

359 3299 549 3387 Προίτιστον
566 3307 626 3387 μεν
638 3301 763 3390 Ερωτα
782 3305 872 3370 θεων
890 3304 1049 3389 μητίσατο
1070 3303 1210 3371 πάντων.

161 3396 315 3478 Ησίοδος
327 3401 361 3466 δ
347 3401 591 3493 ἑφοσικιίτερον
605 3405 676 3490 ε’μοι
665 3406 780 3471 δοκεῖ
789 3411 893 3472 ποιεῖν
895 3406 1027 3496 Ἔρωτα
1034 3406 1163 3473 πόντων
1176 3408 1460 3497 προγενέστατον,

164 3498 221 3566 ι’να
240 3503 347 3569 πάντα
368 3506 551 3572 δι”εκεῖνον
567 3507 709 3601 μετάσγη
727 3512 886 3595 γενέσεως.
917 3501 1048 3576 Ἀνουν
1064 3532 1121 3575 τον
1132 3508 1261 3597 Ἔρωτα
1277 3511 1347 3575 τῶν
1365 3532 1459 3577 νενο-

166 3604 328 3690 μισμένων
347 3611 444 3694 τιμῶν
458 3609 674 3696 ἐκβάλλωμεν,
696 3610 771 3677 ούδέ
757 3616 836 3691 έτῆς
848 3610 1045 3699 Ἀφροδίτης
1061 3613 1145 3678 κατὰ
1158 3611 1269 3701 χώραν
1284 3616 1459 3697 μενοῦσιν.

100 3736 147 3786 757
170 3702 302 3774 Ούδέ
264 3735 326 3797 γαρ
343 3710 424 3776 τοῦτ’
446 3713 532 3779 ἐστίν
546 3709 701 3794 ειπεῖν,’
682 3739 731 3781 οτι
745 3720 790 3806 τῷ
806 3722 866 3799 μὲν
873 3715 991 3802 Ἔρωτι
1007 3713 1232 3805 λοιδοροῦνταί
1250 3738 1360 3798 τινες,
1382 3716 1458 3785 ἀλλ’

166 3811 339 3898 ἀπέχονται
360 3814 493 3896 ἐκείνης·
513 3815 596 3883 ἀλλὰ
617 3815 682 3882 ἀπὸ
700 3819 779 3900 μιάς
799 3821 917 3897 σκηνῆς
936 3817 1109 3903 ἀκούομεν,

350 3917 455 4007 Ἔρως
472 3918 535 4009 ’γάρ
558 3918 659 4009 ἀργόν
677 3918 757 3986 κάπὶ
776 3918 933 3999 τοιούτοις
952 3918 1028 4008 ἔφυ·

165 4167 194 4220 C.
218 4167 245 4222 3.
279 4166 425 4236 μεταλαβὼν
442 4163 476 4220 δι’
495 4164 593 4240 ἐχθρόν
610 4167 679 4232 etc.]
696 4166 753 4221 Hic
771 4165 1030 4240 depravatissimus
1046 4169 1128 4226 locus
1146 4173 1272 4247 ἱστίοισι
1292 4172 1339 4228 εἰσ
1359 4172 1462 4231 refin-

298 4258 427 4331 gendus:
445 4256 591 4330 μεταλαβὼν
611 4259 637 4312 δ’
655 4257 750 4329 έγδρδν
766 4256 810 4312 τὸν
820 4256 917 4330 Ἀρεισυ
933 4260 1029 4331 πάγοι,
1046 4258 1078 4324 ὧς
1094 4270 1166 4319 ίσιιιε.

167 4347 200 4404 C.
223 4357 248 4406 7.
284 4357 317 4414 εἰς
335 4350 489 4423 ἀμφίβολον]
517 4352 552 4410 Ε.
588 4350 683 4424 Vulgo
702 4356 736 4411 είς
752 4347 915 4420 ἀμφιβολίαν.
1007 4386 1010 4393 ε

167 4439 203 4497 D.
227 4449 254 4500 ιλ.
288 4451 313 4497 έν
330 4446 419 4509 τοῖσιν]
439 4444 499 4503 ΒΕ.
535 4444 632 4520 Vulgo
649 4452 674 4499 ἐν
690 4453 751 4505 τοῖς.
1391 4474 1392 4479 ’

167 4533 203 4592 Ι).
228 4541 251 4591 5.
289 4537 320 4589 σὺ
336 4537 397 4606 νόῳ]
416 4537 546 4609 Xyland.
564 4538 663 4594 Reislz.
699 4535 794 4609 Vulgo
813 4536 857 4591 σύν
873 4539 912 4608 πῖι.
947 4538 1006 4599 ΒΕ.
1026 4539 1093 4596 Ald.
1112 4543 1178 4599 Bas.
1196 4540 1242 4596 ιιίιι
1258 4541 1327 4612 νόῳ,
1388 4574 1391 4578 -

168 4626 205 4685 Ι).
228 4633 254 4687 9.
291 4625 466 4697 ἀβασάνιστον]
485 4629 545 4687 ΒΕ.
565 4630 646 4688 Μαι..
680 4628 776 4703 Vulgo
794 4627 984 4702 ἀβασιόνιστευ.
1359 4668 1363 4675 ·
1389 4644 1393 4649 ’
