3036 4994
96 229 136 294 48
570 218 904 290 HAOYTAPXOY

98 384 247 474 μεγάλων
265 384 460 485 ἀκούσωμεν,
501 384 667 468 Δεομένων
686 383 722 448 δὲ
743 387 800 449 καὶ
823 385 886 448 τόν
908 381 1039 462 ἀλλων,
1061 380 1126 469 ἔφη
1149 381 1169 447 ὁ
1188 380 1305 471 πατὴρ
1312 429 1323 461 ,
1349 379 1388 461 ιἰς

99 488 274 575 Αἰγύπτιοι
301 487 360 556 δύο
385 492 444 572 μέν
461 481 598 567 ’Ἕλλησι
622 487 858 572 παραπλησίως
873 485 1037 575 Ἔρωτας,
1066 485 1125 551 τόν
1148 510 1184 552 τε
1209 483 1389 571 πάνδημον

96 596 153 658 καὶ
176 593 234 657 τόν
259 589 431 682 οὐράνιον,
464 589 576 668 ἴσασι,
612 588 722 674 τρίτον
749 590 784 655 δὲ
811 589 997 673 νομίζουσιν
1019 587 1148 677 Ἔρωτα
1176 588 1238 653 τόν
1273 582 1386 668 ἥλιον,

92 691 293 783 Ἀφροδίτην
329 691 436 778 ἔχουσι
466 688 557 776 μάλα
585 690 772 776 σεβάσμιον.
816 689 932 776 Ἡμεῖς
956 694 991 757 δὲ
1009 692 1132 771 πολλὴν
1157 696 1218 774 μὲν
1242 689 1390 780 Ἔρωτος

96 795 273 881 ὁμοιότητα
292 797 374 881 πρός
392 795 450 860 τόν
466 791 561 874 ἥλιον
583 792 708 883 ὁρῶμεν
721 784 840 859 οόσαν·
859 796 923 880 πόρ
942 800 1002 879 μέν
1020 793 1082 881 γάρ
1098 791 1273 880 οὐδέτερόν
1290 795 1390 869 ἐστιν,

97 896 203 986 όίσπερ
230 897 356 964 οἴονταί
380 917 478 975 τινες·
513 896 594 984 αὐγὴ
622 899 657 963 δὲ
682 902 737 963 καί
766 896 934 983 θερμότης
959 900 1089 981 γλυκεῖα
1107 899 1163 961 καὶ
1180 896 1341 982 γόνιμος,
1370 896 1391 978 ἦ

95 1009 155 1087 μὲν
178 1000 233 1068 ἀπ’
255 1002 376 1068 ἐκείνου
396 1003 573 1090 φερομένη,
594 999 719 1085 σάματι
731 1003 863 1087 παρέχει
875 1001 1002 1089 τροφὴν
1012 1005 1069 1067 καὶ
1084 1001 1154 1087 φῶς
1169 1004 1225 1066 καὶ
1239 999 1389 1083 αὔξησιν,

43 1124 68 1182 c
93 1101 114 1185 η’
139 1106 174 1170 δὲ
195 1102 261 1171 ἀπό
286 1103 416 1185 τούτου,
444 1107 574 1192 ψυχαῖς.
608 1101 664 1181 Ὡς
689 1105 723 1169 δὲ
747 1099 836 1179 ύλιος
864 1103 898 1169 έκ
924 1106 1032 1192 νεφῶν
1059 1106 1114 1168 καί
1138 1102 1218 1186 μεθ’
1247 1101 1389 1190 ὁμίχλην

94 1207 314 1298 θερμότερος,
341 1203 441 1287 ούτως
451 1207 553 1297 Ἔρως
573 1205 639 1292 μετ’
662 1206 761 1294 ὀργὰς
778 1211 833 1272 καὶ
853 1205 1045 1287 ζηλοτυπίας
1068 1207 1229 1294 ἐρωμένου
1251 1208 1391 1273 διαλλα·

93 1310 220 1396 γέντος,
241 1311 341 1392 ἡδίων
359 1315 416 1379 καί
435 1311 638 1401 δριμύτερος·
657 1309 704 1375 ἔτι
723 1311 773 1389 δὲ,
793 1305 899 1398 ὥσπερ
917 1305 1009 1398 ἥλιον
1026 1304 1195 1374 άπτεσθαι
1213 1313 1276 1374 καὶ
1296 1310 1390 1395 σβέν-

93 1416 222 1480 νυσθαι
237 1415 389 1482 δοκοῦσιν
406 1413 500 1494 ἔνιοι,
520 1412 622 1480 ταύτὰ
641 1416 697 1478 καὶ
712 1415 785 1500 περί
798 1411 937 1500 Ἔρωτος
952 1410 994 1489 ὡς
1007 1413 1134 1492 θνητοῦ
1150 1416 1209 1479 καί
1224 1411 1392 1498 ἀβεβαίου

94 1518 311 1584 διανοοῦνται.
363 1517 436 1583 Καὶ
462 1519 528 1601 μην
557 1515 630 1582 ούτε
660 1515 809 1602 σώματος
840 1513 1044 1598 ἀγύμναστος
1075 1515 1137 1596 ἕξις
1167 1512 1287 1596 ἥλιον,
1319 1517 1393 1583 ούτε

86 1618 214 1706 Ἔρωτα
233 1618 370 1686 δύναται
389 1623 500 1709 φέρειν
521 1617 649 1697 ἀλύπως
670 1618 790 1707 τρόπος
811 1617 1006 1685 ἀπαιδεύτου
1027 1621 1149 1709 ψυχῆς·
1168 1617 1343 1699 ἐξίσταται
1362 1618 1391 1687 δ’

95 1719 214 1805 ὁμοίως
233 1719 384 1810 ἑκάτερον
402 1725 458 1788 καὶ
476 1725 570 1788 νοσεῖ
571 1770 580 1801 ,
600 1721 659 1802 τὴν
671 1724 728 1786 τού
742 1722 827 1788 θεοῦ
840 1719 995 1805 δύναμιν,
1016 1719 1055 1786 ού
1066 1721 1125 1800 τὴν
1139 1719 1240 1786 αὑτοῦ
1255 1722 1392 1814 μεμφό·

93 1844 192 1908 μενον
217 1823 405 1890 ἀσθένειαν.
445 1824 542 1907 Πλὴν
569 1825 671 1915 ἐκείνη
696 1850 730 1910 γε
758 1823 876 1905 δόξειεν
901 1821 943 1888 ἀν
965 1825 1145 1913 διαφέρειν,
1178 1813 1202 1917 ᾗ
1224 1823 1394 1892 δείκνυσιν

43 1943 70 2000 D
95 1921 186 2006 ἥλιος
203 1932 263 2011 μέν
282 1929 334 1993 ἐπὶ
352 1930 412 2012 γῆς
430 1929 472 1993 τά
491 1929 576 1995 καλά
595 1932 653 1995 καὶ
671 1931 712 1993 τά
726 1923 846 2014 αἰσχρά
858 1932 925 2005 τοῖς
939 1926 1073 2016 ὁρῶσιν·
1105 1927 1212 2017 Ἔρως
1225 1915 1393 2015 όύμόύων

94 2034 158 2094 τῶν
176 2032 283 2096 καλόν
302 2033 421 2121 φέγγος
440 2034 521 2113 ε’στλ,
539 2038 596 2100 καὶ
615 2033 697 2121 πρὸς
718 2034 831 2098 ταῦτα
841 2030 929 2116 μόνα
947 2030 1021 2107 τούς
1042 2031 1181 2118 ἐρῶντας
1204 2028 1392 2098 ἀναπείθει

93 2133 224 2217 βλέπειν
242 2139 297 2201 καί
318 2137 539 2225 στρέφεσθαι,
558 2139 621 2202 τῶν
642 2136 675 2202 δ’
697 2135 803 2202 ἀλλων
821 2133 951 2201 πάντων
968 2138 1135 2224 περιορᾷν.
1170 2134 1243 2214 Γῆν
1257 2132 1298 2198 δέ
1309 2134 1389 2201 κατ’

96 2236 189 2304 οὐδὲν
209 2237 411 2328 Ἀφροδίτην
433 2243 605 2318 καλοῦντες
629 2235 787 2306 άπτονταί
813 2249 899 2316 τινος
922 2236 1127 2322 ὁμοιότητος·
1156 2238 1211 2303 καί
1232 2234 1300 2323 γάρ
1317 2230 1387 2301 σία

94 2344 150 2406 καὶ
169 2337 307 2427 ούρανία
326 2346 386 2407 καί
404 2342 519 2428 μίξεως
538 2342 628 2430 χώρα
648 2347 705 2409 τοῦ
724 2341 899 2407 ἀθανάτου
917 2341 1000 2424 πρὸς
1016 2341 1053 2406 τό
1075 2338 1212 2420 θνητόν,
1228 2334 1381 2426 ἀδρανὴς

77 2444 131 2506 δὲ
149 2443 230 2506 καθ
251 2443 367 2524 ἑαυτὴν
386 2450 442 2510 καὶ
463 2444 625 2526 σκοτώδης
644 2445 736 2524 ἡλίου
754 2445 799 2528 μὴ
819 2442 1105 2529 προσλάμποντος,
1131 2437 1236 2530 όίσπέρ
1253 2437 1386 2530 Ἀφρο-

95 2542 167 2622 δίτη
183 2543 229 2627 μὴ
248 2545 411 2631 παρόντος
423 2546 580 2633 Ἔρωτος.
597 2544 753 2612 Ἐοικέναι
771 2553 830 2630 μέν
848 2536 906 2610 οὖν
921 2544 1101 2638 Ἀφροδίτη
1114 2542 1268 2626 σελήνην,
1287 2542 1388 2626 ύλιον

96 2647 131 2710 δὲ
145 2645 280 2731 Ἔρωτι,
300 2650 362 2713 τῶν
384 2648 490 2713 ἀλλων
509 2650 600 2713 θεῶν
617 2650 749 2733 μάλλον
764 2643 850 2725 εἰκός
869 2649 971 2733 ε’στιν,
993 2646 1040 2714 ,ού
1057 2649 1123 2732 μην
1143 2637 1227 2714 εἶναί
1242 2673 1280 2735 γε
1300 2672 1388 2714 παν-

95 2747 217 2814 τάπασι
235 2750 309 2829 τούς
332 2748 461 2828 αύτούς·
491 2749 529 2816 ού
550 2749 613 2836 γάρ
639 2750 728 2842 ψυχῇ
748 2751 841 2834 σῶμα
864 2749 999 2830 ταύτόν,
1028 2747 1097 2815 ἀλλ’
1119 2751 1242 2838 ἕτερον·
1272 2746 1385 2841 ὥσπερ

45 2867 70 2923 Ε
96 2845 189 2931 ἥλιον
207 2857 284 2937 μέν,
315 2850 454 2940 ὁρατόν,
475 2850 602 2939 Ἔρωτα
625 2851 679 2930 δὲ,
709 2850 836 2932 νοητόν.
874 2849 923 2918 Εἰ
941 2848 1038 2938 δὲμὴ
1062 2852 1148 2933 δόξει
1169 2853 1386 2945 πικρότερον,

95 2957 268 3039 λέγεσθαι,
289 2959 346 3021 καὶ
364 2952 522 3021 τάναντία
542 2953 626 3043 φαίη
645 2977 692 3032 τις
712 2951 754 3020 ἀν
772 2951 866 3035 ἥλιον
879 2953 998 3045 Ἔρωτι
1019 2961 1139 3023 ποιεῖν·
1179 2956 1387 3050 ἀποστρέφει

94 3059 157 3146 γάρ
174 3057 240 3124 ἀπό
260 3062 323 3124 τῶν
340 3060 464 3138 νοητῶν
484 3059 537 3124 ἐπὶ
554 3057 595 3122 τά
608 3055 758 3139 αἰσθητά
777 3060 837 3139 τὴν
852 3059 1018 3139 διάνοιαν,
1037 3059 1144 3149 χάριτι
1156 3064 1212 3126 καί
1225 3062 1385 3150 λαμπρό.

95 3186 166 3242 τητι
193 3164 250 3241 τῆς
274 3161 381 3253 ὄφεως
407 3159 567 3246 γοητεύων
596 3165 654 3227 καὶ
682 3160 875 3230 ἀναπείθων
901 3166 935 3228 ἐν
962 3165 1064 3254 ἑαυτῷ
1091 3169 1149 3229 καί
1176 3169 1252 3256 περὶ
1281 3167 1384 3234 αύτόν

95 3260 267 3332 αἰτεῖσθαι
284 3264 326 3330 τά
347 3288 382 3329 τε
405 3263 489 3330 ἀλλα
508 3266 565 3330 Ικαὶ
583 3264 642 3345 τὴν
665 3263 842 3347 ἀλήθειαν,
862 3266 1000 3355 ἑτέρωθι
1018 3270 1054 3336 δὲ
1070 3271 1188 3354 μηδέν·

285 3393 466 3482 Δυσέρωτες
484 3391 525 3472 δι’]
545 3389 724 3481 φαινόμεθ’
746 3391 834 3471 ὄντες

291 3494 412 3576 Τοῦδ,
432 3490 466 3575 δ’,
484 3518 517 3560 τι
533 3497 629 3561 τοῦτο
650 3495 770 3580 στίλβει
789 3497 873 3564 κατά
890 3499 969 3582 γῆν,

96 3623 139 3703 ὡς
156 3620 336 3708 Εὐριπίδης
354 3625 453 3712 φησὶ,

287 3751 336 3816 Δι’
357 3748 573 3839 ἀπειροσύνην
591 3753 693 3820 ἄλλον
710 3749 837 3836 βιότου·

93 4018 131 4079 Β,
153 4025 180 4080 6,
212 4013 364 4092 Ἀφροδίτην
380 4013 478 4090 λχουοι]
501 4018 599 4076 Reisk.
625 4019 752 4092 conjecit
766 4017 917 4093 Ἀφροδίτην
934 4017 960 4076 δ’
983 4029 1066 4089 λχουσι
1088 4024 1204 4095 σελίμην,
1235 4028 1310 4082 &ab
1330 4031 1382 4101 μά·

228 4116 300 4166 λιστα
315 4120 367 4183 σεβ.

91 4204 128 4262 Β.
153 4202 194 4259 ib.
216 4203 296 4275 μάλα]
314 4205 349 4260 Ε.
384 4205 484 4279 Vulgo
501 4203 619 4276 μάλιστα.

91 4296 128 4355 Β.
152 4296 179 4354 6.
216 4298 280 4370 πρός
295 4297 341 4353 τόν
352 4295 434 4365 ἥλιον]
451 4295 514 4369 πρὸς
530 4296 577 4366 τὴν
593 4298 640 4367 γῆν
658 4295 720 4357 ΒΕ.
737 4293 806 4354 Αλό.
824 4294 894 4357 Bas.

90 4390 127 4448 B.
152 4398 178 4446 7.
213 4386 277 4462 αίηη
294 4392 333 4455 δὲ]
352 4407 368 4445 ε
386 4387 541 4462 Wyttenb.
561 4391 739 4462 conjectura.
773 4389 870 4464 Vulgo
888 4387 921 4447 αύ
937 4394 951 4425 *
968 4397 1003 4449 δι’.

90 4483 125 4540 Β.
148 4480 189 4539 ib.
212 4489 257 4539 καί
274 4481 417 4560 θερμότης]
434 4489 476 4538 καὶ
494 4483 600 4556 adjecit
617 4479 774 4554 Wyttenl).
792 4500 807 4538 e
827 4483 886 4544 ΒΕ.

54 4572 194 4696 “lt
212 4575 327 4646 ιύξησω]
344 4575 497 4651 Wyssenb.
516 4595 553 4633 ex
572 4575 629 4638 ΒΕ.
663 4575 759 4650 Vulgo
776 4572 873 4649 ἄφεσιν.
