3036 4994
70 202 138 289 Ιιι
582 186 918 277 Παυνυαινκοτ

98 358 188 443 φασὶ
207 355 336 441 ῥεῦσαι·
381 349 495 442 Φοίδῳ
516 352 572 433 δὲ,
599 353 646 443 τῷ
669 346 820 428 θηβαίων
839 342 974 431 ἄρχοντι
992 346 1048 409 καὶ
1067 343 1258 434 στρατηγῷ,
1288 342 1326 406 ἔκ
1348 341 1410 420 τῆς

97 456 206 539 μιγητ
217 454 401 534 suanam,
421 456 629 544 ογγειοηια
641 450 811 536 θυγατέρα
829 449 1056 533 γεγενημένην,
1076 445 1284 532 νὶνιονινννν
1298 465 1410 534 νονν-

99 558 282 646 αγορεῦσαι
304 561 547 652 Νικοστράτην.

751 655 759 678 .

738 680 771 722 ε.

171 762 361 850 ’Ἄλκιππος
379 772 418 838 νό
440 765 606 854 μὲνγένος
625 759 891 844 Λακεδαιμόνιος
912 751 966 840 ήν·
994 758 1101 846 γήμας
1121 761 1156 825 δὲ
1177 756 1410 849 Δαμοκρίταν,

49 866 73 923 C
101 869 213 959 πατὴρ
239 875 433 965 θυγατέρων
451 870 569 953 γίνεται
595 862 669 928 διἰο·
700 863 927 949 συμβουλεύων
954 865 989 929 δέ
1012 865 1053 956 τῇ
1073 862 1167 929 πόλει
1188 858 1353 951 κράτιστοί
1377 883 1411 925 τε

103 979 163 1042 καὶ
187 978 360 1066 πράττων,
391 972 465 1041 ότου
484 971 606 1034 δέοιντο
628 968 909 1053 Λακεδαιμόνιοι,
942 966 1126 1055 ἐφθονήθη
1146 965 1209 1032 ὑπό
1229 967 1295 1030 τῶν
1317 963 1410 1030 ἄντι-

107 1083 381 1170 ηοληςυομένων,
415 1070 450 1138 οἳ
469 1071 544 1148 τοῦς
568 1069 732 1162 Ἐφόρους
763 1073 898 1164 ψευδέσι
924 1072 1034 1156 λόγοις
1058 1069 1332 1157 παραγαγόντες,
1359 1069 1410 1146 ’ὡς

107 1186 168 1250 τοῦ
183 1184 361 1252 Ἀλκίππου
380 1174 582 1261 βουλομένου
608 1176 684 1251 τοὺς
711 1173 833 1259 νόμους
860 1177 1061 1254 καταλῦσαι,
1092 1174 1181 1266 φυγῇ
1206 1172 1410 1259 περιέβαλον

107 1288 168 1354 τὸν
194 1287 309 1374 ἄνδρα.
345 1280 416 1345 Καὶ
444 1276 543 1361 όμέν
570 1277 735 1357 ὑπεξῆλθε
759 1281 817 1357 τής
844 1278 1017 1366 Σπάρτης,
1048 1277 1257 1366 Δαμοκρίταν
1281 1277 1322 1340 δὲ
1348 1275 1409 1355 τήν

79 1470 83 1479 Ι
107 1394 247 1475 γυναῖκα
272 1383 354 1470 μετὰ
382 1384 446 1446 τῶν
476 1382 671 1469 θυγατέρων
701 1382 905 1466 βουλομένην
930 1384 1075 1448 ἕπεσθαι
1100 1380 1215 1469 τάνδρὶ
1246 1378 1408 1460 ἐκώλυον,

108 1491 269 1557 ἀλλὰκαὶ
294 1486 352 1565 τήν
375 1483 491 1551 οὐσίαν
513 1484 614 1550 αὐτοῦ
638 1483 924 1571 έδήμευσαν,’ίνα
948 1487 993 1572 μή
1021 1486 1182 1571 εὐπορῶσι
1206 1485 1349 1572 προικὸς
1373 1487 1409 1548 αἱ

105 1593 280 1677 παρθένοι
314 1586 406 1655 Ἕπεὶ
426 1590 462 1654 δὲ
479 1594 538 1655 καὶ
557 1585 599 1666 ῶς
618 1587 848 1672 ἐμνηστεύοντό
870 1611 952 1665 τινες
971 1590 1029 1665 τὰς
1048 1590 1170 1665 παῖδας
1191 1589 1246 1652 διὰ
1265 1588 1331 1669 τήν
1351 1591 1409 1654 τοῦ

54 1700 81 1757 D
105 1692 231 1776 πατρὸς
251 1689 388 1779 ἀρετήν,
409 1690 573 1756 έκῶλυσαν
591 1694 623 1757 οἱ
640 1693 759 1780 έγθροὶ
781 1693 836 1757 διὰ
855 1692 1073 1782 ψηφίσματος
1091 1692 1137 1777 μή
1157 1692 1408 1776 μνηστεύεσθαί

105 1816 196 1871 τινας
222 1794 282 1871 τὰς
304 1794 422 1884 κόρας,
455 1797 616 1879 λέγοντες,
648 1794 691 1871 ὠς
715 1795 737 1874 ή
762 1794 869 1884 μήτηρ
898 1795 1005 1861 αὐτῶν
1026 1796 1216 1883 Δαμοκρίτα
1245 1797 1409 1875 πολλάκις

106 1894 216 1977 εῦξατο
245 1898 304 1974 τὰς
329 1899 520 1988 θυγατέρας
546 1899 664 1982 ταχέως
692 1901 847 1981 γεννῆσαι
871 1900 993 1976 παῖδας
1000 1948 1010 1979 ,
1041 1901 1200 1987 τιμωροὺς
1229 1903 1275 1989 τῷ
1305 1907 1408 1990 πατρὶ

104 2001 346 2085 γενησομένους.
384 2000 610 2087 Πανταχόθεν
631 2002 666 2065 δὲ
691 1999 711 2080 ή
734 2002 923 2091 Δαμοκρίτα
946 2004 1236 2088 περιελαυνομένη,
1268 2003 1408 2089 ἐτήρησέ

81 2124 177 2179 1τινα
204 2100 377 2189 πάνδημον
406 2106 537 2191 ἑορτήν,
572 2105 606 2169 έν
633 2093 655 2195 ᾗ
681 2109 831 2187 γυναῖκες
860 2101 931 2184 ἅμα
963 2108 1147 2194 παρθένοις
1178 2112 1235 2172 καὶ
1268 2104 1405 2186 οἰκείοις

103 2209 159 2275 καί
182 2207 311 2289 νηπίοις
343 2207 520 2297 ἑώρταζον,
555 2211 591 2273 αἱ
616 2209 651 2274 δὲ
677 2210 741 2272 τῶν
763 2209 802 2273 ’έν
829 2211 911 2274 τέλει
938 2208 1019 2274 καθ’
1047 2211 1166 2286 -ίαυτάς
1193 2212 1227 2275 έν
1260 2210 1409 2299 ἀνδρῶνι

102 2307 231 2402 μεγάλῳ
249 2312 513 2399 διεπαννύγιζον·
535 2310 628 2400 ξίφος
647 2336 680 2377 τε
704 2311 952 2407 ὑποζωσαμένη,
972 2317 1030 2379 καὶ
1051 2314 1109 2391 τὰς
1128 2314 1230 2400 κόρας
1250 2315 1410 2398 λαβοῦσα

51 2422 76 2481 Ε
102 2414 217 2490 νυκτὸς
243 2405 350 2494 ἦλθεν
377 2413 422 2492 εἰς
446 2415 484 2479 τὸ
511 2416 619 2502 ἱερὸν,
654 2415 771 2499 καιρόν
796 2416 1086 2502 παραφυλάξασα,
1121 2419 1155 2482 έν
1180 2408 1205 2507 ᾧ
1230 2417 1336 2482 πᾶσαν
1365 2418 1408 2482 τὸ

101 2515 283 2602 μυστήριον
306 2517 472 2582 ἐπετέλουν
498 2518 533 2581 ἐν
558 2517 603 2605 τῷ
629 2516 787 2603 ἀνδρῶνι·
823 2522 880 2582 καὶ
907 2522 1136 2604 κεκλεισμένων
1161 2524 1225 2586 τῶν
1250 2516 1408 2598 εἰσόδων,

102 2618 182 2700 ξῦλα
201 2622 273 2693 ταῖς
289 2618 412 2707 θύραις
430 2619 534 2683 πολλοί
551 2618 791 2706 προσνήσασα,
815 2621 931 2697 (ταῦτα
953 2622 988 2687 δὲ
1008 2611 1048 2702 ήν
1068 2620 1113 2700 είς
1137 2625 1196 2704 τήν
1214 2628 1272 2704 τῆς
1292 2624 1409 2713 ἑορτῆς

103 2721 231 2788 θυσίαν
248 2719 299 2786 ὑπ’
328 2721 454 2786 ἐκείνων
477 2724 779 2806 παρεσκευασμένα)
809 2725 873 2806 πῦρ
891 2724 1003 2802 ένήκε·
1044 2727 1254 2792 συνθεόντων
1281 2727 1318 2792 δὲ
1344 2731 1410 2792 τῶν

105 2824 234 2915 ἀνδρῶν
256 2826 307 2890 ἐπὶ
326 2827 385 2906 τήν
404 2824 585 2909 βοήθειαν,
606 2822 628 2903 ή
648 2824 837 2913 Δαμοκρίτα
858 2824 916 2903 τὰς
931 2828 1121 2916 θυγατέρας
1141 2829 1327 2919 ἀπέσφαξε,
1351 2835 1409 2895 καί

106 2926 153 2995 ἐπ’
176 2927 312 3004 ἐκείναις
333 2927 458 3007 ἑαυτήν.
505 2925 569 2992 θῦν
589 2925 714 3014 ἔχοντες
727 2930 765 2994 δὲ
782 2933 815 2994 οἱ
826 2931 1103 3016 Λακεδαιμόνιοι,
1125 2929 1191 3013 ὅπη
1209 2933 1269 2998 τόν
1288 2934 1408 3018 θυμόν

107 3032 350 3120 ἀπερείσανται,
383 3032 472 3108 έκτὸς
496 3026 582 3116 ὅρων
602 3030 744 3124 έρῥιφαν
766 3038 823 3114 τῆς
843 3059 876 3100 τε
902 3035 1111 3122 Δαμοκρίτας
1129 3040 1186 3102 καὶ
1205 3039 1269 3103 τῶν
1293 3038 1408 3122 θυγα-

110 3135 211 3222 τέρων
231 3136 273 3201 τὰ
296 3134 440 3219 σώματα.
476 3133 549 3222 Ἐφ’
574 3127 600 3226 ᾧ
617 3137 815 3220 μηνίσαντος
835 3142 892 3204 τοῦ
911 3142 1012 3220 θεοῦ,
1039 3142 1097 3207 τὸν
1115 3142 1219 3226 μέγαν
1238 3143 1409 3230 ἱστοροῦσι

108 3239 385 3325 Λακεδαιμονίοις
401 3239 540 3325 σεισμόν
563 3241 782 3326 ἐπιγενέσθαι.

110 3394 358 3413 ιι----“““

111 3471 145 3528 Β.
173 3479 199 3530 6.
234 3471 268 3539 τῷ
292 3471 420 3540 Θηβαίων]
444 3467 510 3525 ΑΕ.
529 3467 635 3529 Venet.
653 3469 754 3529 Petav.
776 3471 934 3542 Wyttenb.
970 3473 1072 3549 Vulgo
1089 3475 1138 3529 τῶν
1163 3479 1291 3545 Θηβαίων.
1329 3475 1366 3531 Ῑιι
1387 3476 1410 3530 Β

265 3573 327 3618 estt
345 3563 378 3630 τῷ
398 3562 447 3616 τῶν
469 3567 594 3631 Θηβαίων.

112 3657 147 3715 Β.
173 3665 197 3715 7.
235 3655 407 3728 αἰσιούμενον]
426 3666 475 3711 aut
491 3656 738 3730 praemittendum
755 3656 800 3727 ἢν,
823 3670 872 3715 aut
889 3661 1098 3734 corrigendum
1119 3658 1288 3732 ἀγγελαεῖσαν
1305 3674 1412 3722 censet

266 3747 419 3822 Wyltenb.
