3036 4994
177 210 236 279 168

245 386 276 443 p.
294 370 344 434 26,
362 371 406 426 10.
440 366 537 436 τυφλὸς
550 362 612 434 γὰρ]
647 361 726 420 Citat
742 354 797 419 lios
813 377 919 417 sersus
931 355 1089 434 Sophoclis
1108 356 1228 413 nomine
1248 352 1395 427 apposito
1411 353 1485 407 Plo-

176 461 298 517 tarchos
315 461 403 516 etiam
420 460 451 514 in
468 456 546 514 libro
567 456 603 513 de
622 455 689 514 and.
706 465 786 530 poet.
806 473 836 528 p.
851 459 886 511 23
904 452 936 512 Β.
971 451 1047 508 Vide
1064 448 1204 528 Sophocl.
1218 448 1326 521 fragm.
1349 462 1402 502 nr.
1422 447 1484 500 728.

176 573 207 628 p.
222 561 265 614 64.
284 552 330 612 εδ
348 552 492 611 Diodori

242 720 273 808 p.
290 705 343 768 26,
361 707 404 760 11.
438 699 555 773 τυρβάζει
569 697 646 766 eaeo]
679 696 777 756 Reish.
795 696 924 765 oonieoit
937 691 1010 750 καλό.
1044 690 1102 748 Sed
1120 706 1226 747 sensns
1239 697 1315 743 est.
1295 672 1484 740 warbonds

175 795 282 853 omitia
300 794 383 850 molo
398 793 533 859 excitos,
552 788 852 859 omm‘oconsundens
865 787 1045 846 etmiscens.
1065 783 1139 842 Plat
1152 781 1265 856 derep.
1277 772 1366 836 VIII.
1383 795 1416 850 p.
1433 779 1485 834 561

175 889 214 947 A.
231 885 327 944 ιοόιιιν
348 910 447 943 παντων
463 890 532 943 Ivem
547 884 660 960 τυράννῳ
678 882 718 941 ἀεὶ
740 881 835 955 ἀνάγκη
854 882 1000 952 πόλεμον
1017 877 1194 953 ταράττειν
1223 873 1291 932 coll.
1309 871 1394 927 Plut.
1416 868 1486 926 Cat.

175 980 251 1040 Min.
273 999 299 1039 c.
317 979 419 1039 XXII.
447 958 688 1039 ThemIstooLo.
706 977 751 1042 V.
785 976 872 1034 Conf.
896 975 1048 1034 Sohaeler.
1078 971 1116 1029 ad
1137 967 1241 1029 Lamh.
1269 965 1344 1024 Bos.
1372 962 1485 1036 Ellips.

175 1093 205 1148 Ρ.
225 1079 285 1136 324.
320 1072 487 1147 Aeschylus
506 1072 541 1128 de
558 1090 653 1147 porco
671 1091 720 1147 ap.
738 1072 847 1129 Athen.
864 1069 919 1128 IX.
937 1089 969 1144 p.
987 1066 1091 1141 37611.

445 1203 533 1266 δόσεις
548 1207 576 1260 δλ
589 1213 679 1278 χοῖρον
694 1201 766 1259 τόνδε
781 1203 826 1272 τῆς
842 1200 921 1273 αὐτῆς
937 1199 998 1268 tte.-

442 1294 460 1366 ἦ
476 1294 559 1351 nosti
575 1293 601 1367 μ’
620 1303 646 1352 ἐν
661 1293 777 1366 δόμοισιν
794 1302 925 1366 εἴργασται
941 1291 1036 1359 sono.

445 1388 557 1445 δονοῦσα
574 1393 617 1443 aul
636 1393 802 1461 τρέπουσα
820 1386 913 1458 τύρβ’
931 1382 984 1441 tiro
1002 1386 1082 1443 κάτον.
1195 1408 1199 1415 ·

241 1568 401 1637 ρ.26,12.
433 1559 583 1633 μιαιφόνον]
618 1559 706 1619 Hom.
724 1559 759 1615 Il.
777 1557 815 1617 V.
834 1577 877 1615 vs·
894 1565 939 1619 sl.
1042 1581 1045 1587 ’

373 1678 458 1753 Ἆρες,
470 1675 556 1752 Ἆρες,
572 1680 736 1748 βροτολοιγὲ,
754 1677 930 1750 μιαιφόνε,
948 1676 1119 1746 τειχεσιπλῆτα

175 1795 242 1852 coll.
260 1795 349 1854 XXI.
374 1815 418 1853 vs.
436 1802 499 1855 402.

242 1993 271 2047 p.
290 1977 340 2040 26,
359 1977 402 2031 12.
438 1969 656 2046 ἀλλοτρόραλλον]
689 1968 804 2027 Ibidem
821 1988 866 2028 VS.
886 1974 1029 2031 8311831.

645 2085 708 2164 μηδ’
728 2087 788 2155 ἀζεο
804 2090 909 2162 θοῦρον
923 2085 1004 2161 Ἄρηα

443 2186 535 2243 τοῦτον
551 2184 719 2259 μαινόμενον,
739 2181 830 2239 τυκτὸν
847 2181 940 2252 κακόν,
960 2178 1238 2249 ἀλλοπρόσαλλον.

174 2301 219 2361 Ib.
238 2321 283 2361 vs.
300 2309 361 2361 883.

436 2414 502 2501 potios
516 2439 575 2488 μοι,
592 2413 862 2489 ἀλλοπρόσαλλε,
880 2412 1046 2486 παρεζόμενος
1060 2411 1181 2486 pampas.

174 2554 249 2614 Vlde
267 2557 308 2612 sis
329 2556 422 2616 Clem.
440 2556 606 2619 Alexandr.
624 2557 804 2631 Protreptio.
820 2556 862 2611 ΙΙ.
880 2575 913 2630 p.
930 2560 956 2613 8.
975 2553 1059 2626 Sylb.

241 2747 272 2805 p.
289 2734 338 2797 26,
357 2735 399 2787 13.
434 2726 594 2802 Χρύσααοε]
630 2728 757 2794 StoicIs.
776 2730 912 2803 ioprImis
930 2728 1108 2803 Chrysippo.
1125 2738 1155 2784 et
1165 2727 1358 2788 Academicis
1371 2725 1473 2803 putea

173 2821 225 2881 bat
247 2821 441 2896 etymologiae
465 2819 604 2880 studium.
640 2819 703 2880 Cic.
729 2820 764 2877 de
788 2831 848 2880 nat.
874 2821 955 2877 deor.
974 2821 1029 2881 ΙΙΙ.
1051 2840 1078 2880 e.
1097 2828 1141 2883 24.
1176 2822 1321 2881 Academ.
1343 2821 1368 2880 1.
1396 2839 1421 2876 o.
1441 2827 1470 2879 8.

174 2915 315 2974 Creuzer.
335 2916 463 2987 DIonys.
489 2913 525 2972 T.
543 2914 566 2970 I.
591 2913 626 2969 P.
647 2914 670 2974 I.
694 2933 724 2988 p.
743 2921 775 2974 10
793 2925 824 2970 et
839 2922 882 2974 11.
917 2915 969 2971 Fr.
986 2915 1025 2973 N.
1043 2914 1080 2975 G.
1099 2917 1220 2992 Baguet.
1245 2913 1470 2974 Commentis

175 3009 337 3084 Chrysippi
359 3011 412 3069 vit.
431 3008 526 3083 doctr.
544 3017 575 3063 et
589 3007 675 3086 reliq.
696 3009 903 3075 Lovani1822.
921 3030 951 3085 p.
970 3017 1033 3072 237.

239 3162 339 3233 1126,
358 3165 401 3217 14.
437 3157 568 3232 tropitae
585 3158 634 3228 yolo
657 3162 736 3225 εἶναι]
770 3157 805 3214 In
829 3160 884 3215 hae
903 3159 1064 3235 Chrysippi
1088 3158 1265 3234 etymologia
1288 3177 1350 3215 vox
1377 3156 1473 3232 sapa

173 3249 331 3323 (lupIIriter
349 3248 466 3318 turbat,
491 3267 559 3308 oum
577 3251 645 3326 quia
659 3252 800 3308 vitiosum
814 3261 860 3306 est
874 3251 1015 3319 verbum,
1033 3262 1096 3307 tum
1114 3254 1181 3328 quia
1199 3244 1342 3327 apparet,
1360 3269 1472 3307 nomeu

173 3343 265 3399 fuisse
286 3360 302 3398 a
323 3341 493 3416 Chrysippo
512 3344 633 3404 dictum.
667 3343 769 3420 Neque
788 3345 913 3420 quadrat
932 3348 990 3402 huo
1010 3344 1133 3401 verbum
1153 3343 1279 3419 ἇναίρειν,
1306 3344 1389 3420 quod
1401 3346 1473 3417 ''ety-

172 3453 243 3492 mon
263 3438 313 3492 est‘
328 3434 405 3509 apud
425 3436 627 3494 Phurnutumt
657 3456 725 3495 oum
742 3438 840 3508 dicat,
871 3439 1069 3515 eChrysippi
1090 3440 1234 3495 sententia
1251 3456 1411 3506 manasse,
1439 3444 1471 3491 ut

172 3546 243 3604 pars
267 3529 357 3585 animi
381 3548 552 3606 repugnans
575 3540 605 3587 et
628 3530 804 3607 obstrepens
827 3535 938 3589 rationi
961 3551 996 3588 ao
1017 3531 1212 3588 effervescens
1231 3528 1315 3604 Ἀρης
1340 3531 1469 3587 dicatur.

170 3620 273 3696 Neque
303 3622 381 3678 enim
408 3634 499 3698 puto.
534 3622 629 3696 ἀνερεῖν
658 3642 723 3680 εσσε
755 3625 971 3682 contradicere.
1023 3625 1125 3700 ltaque
1154 3643 1216 3681 non
1244 3626 1339 3698 liquet
1370 3625 1472 3680 etiam

170 3710 402 3774 XYLANDER.
438 3716 515 3790 Vulg
498 3735 534 3772 σο
559 3716 754 3794 legebatur'
739 3728 834 3792 αυερεῖν
856 3717 949 3792 pop.
927 3725 1000 3775 εἶναι.
1042 3717 1201 3792 Wytlenb.
1231 3737 1267 3773 ex
1292 3718 1327 3774 E.
1355 3718 1476 3792 recepit

171 3801 299 3879 ἀναιρεῖν,
324 3807 402 3883 quod
425 3809 570 3866 etiomB.
595 3807 692 3872 hahet.
729 3809 788 3867 Sed
808 3813 864 3867 hoc
880 3812 964 3866 Iocus
984 3811 1115 3867 uondmn
1131 3821 1315 3887 personatus.
1354 3811 1476 3884 Scripsi

171 3899 320 3957 eReishii
344 3903 515 3976 conjectura
538 3900 671 3976 ἀναιρέινρν
701 3922 757 3978 pro
779 3900 898 3977 ἀναιρεῖν
933 3904 1073 3960 Fortasse
1090 3908 1179 3961 etiam
1195 3904 1300 3960 melior
1318 3903 1481 3958 eorrectio

169 3989 315 4067 ἀναίρεσιν,
346 4013 433 4070 quam
458 3997 616 4070 proposuit
636 3996 795 4059 Christian.
820 3997 993 4053 Peterson
984 4016 1017 4055 on
1038 3996 1131 4055 libro:
1163 3997 1290 4055 Phaedri
1305 3997 1474 4071 Epicurei,

170 4088 259 4165 vulgo
276 4089 429 4163 Anonymi
449 4088 699 4158 Herculanensis,
728 4091 894 4148 denatura
913 4090 1035 4148 deorum
1055 4092 1252 4166 fragmentum
1269 4093 1477 4147 instauratum

171 4192 201 4238 et
221 4182 418 4251 illustratum,
443 4182 609 4259 Hamhurgi
625 4188 704 4240 1833.
732 4201 762 4256 p.
778 4189 821 4239 36.
857 4182 947 4242 Clem.
974 4182 1062 4242 Alex.
1089 4184 1236 4256 Protrept.
1261 4201 1289 4241 o.
1305 4183 1344 4239 V.
1373 4202 1406 4257 p.
1429 4189 1475 4241 13.

170 4272 254 4349 Sylb.
275 4274 356 4352 ὥσπερ
376 4275 461 4350 ἀμέλει
479 4275 493 4334 ὁ
513 4283 634 4349 πολέμιος
646 4274 745 4348 'Apso
759 4275 811 4331 ἀπὸ
830 4277 875 4346 τῆς
894 4275 1016 4350 ἀρσευις
1036 4282 1078 4332 sol
1094 4274 1293 4345 ἀναιρέσεως
1312 4281 1475 4348 κεκλημένος,

171 4366 257 4427 11).8.
276 4368 317 4431 II.
342 4387 373 4444 p.
393 4380 419 4428 8.
439 4367 454 4425 ό
478 4366 683 4445 ἀλλοπρόσαλλος
705 4366 779 4432 οὗτος
804 4376 847 4425 καὶ
874 4366 1053 4444 ἀνάρσιος,
1082 4368 1116 4432 ὧς
1134 4374 1185 4445 pito
1207 4367 1365 4444 Ἐπίχαρμός
1393 4393 1483 4442 φησι,

170 4458 338 4533 ἑτεροιότης
362 4459 403 4531 ἦν.
438 4463 513 4520 Vide
531 4465 670 4522 Valclien.
686 4463 788 4519 *Diatn
806 4483 835 4538 p.
854 4466 915 4525 226.
933 4485 961 4524 a.
995 4462 1129 4520 Lobeeh.
1143 4462 1180 4519 ad
1192 4461 1284 4539 Soph.
1298 4466 1347 4538 Aj.
1362 4484 1393 4536 p.
1409 4455 1482 4522 326.

172 4551 216 4610 od.
227 4549 265 4608 ll.
281 4551 418 4612 Ceterum
434 4557 465 4612 io
484 4568 585 4622 annot.
603 4558 699 4617 textui
711 4555 844 4630 subjecta
861 4557 1033 4634 legendum:
1052 4557 1151 4615 Reish.
1170 4554 1294 4630 ἀναίρεσιν
1311 4559 1471 4615 Peterson.
