3036 4994
1296 140 1354 207 159

65 324 69 329 ·
128 313 158 370 p.
177 302 227 362 26,
248 299 290 353 14.
326 290 406 366 ἀρχάς
427 293 527 373 διδοὺς]
563 295 583 352 i.
601 311 627 350 e.
646 311 755 349 nrisom
767 292 915 367 praebens
935 294 998 360 iis,
1022 295 1077 370 qni
1092 294 1227 353 Mortem
1244 298 1353 355 oocori

56 387 156 444 υοίυυι
179 387 230 455 id,
258 390 337 462 quod
352 387 386 442 in
406 386 494 443 nobis
514 387 632 442 rationi
639 397 819 460 'repugnans
839 400 893 445 εει.
927 383 1006 459 ἀρχαὶ
1021 392 1100 445 enim
1117 401 1188 447 eunt
1203 393 1353 450 extremi-

61 496 140 537 tates
149 479 222 552 fili,
231 477 366 551 sunium.
401 480 504 554 Eurip.
523 479 644 553 Hippol.
664 497 708 535 vs.
728 485 786 535 761.

258 600 400 666 Μουνύχου
418 596 443 655 δ’
460 597 572 654 ἀκταῖσιν
589 598 723 668 ίκδὴσαντο
741 596 848 660 πλεκτάς
864 596 1052 668 πεισμάτων
1068 599 1118 672 ἀρ.

256 693 315 760 χάς
331 693 367 747 ἐπ’
389 692 493 765 ἀπείρου
510 716 536 748 τε
552 694 598 764 γάς
615 700 713 762 ίβασαν.

59 810 200 871 Valcken.
227 811 264 867 ad
289 810 431 868 Herodot.
456 812 508 870 IV.
540 829 565 871 c.
591 820 635 870 60.
681 809 861 884 WesseIing.
891 808 979 867 Diod.
1012 808 1102 868 Sicnl.
1133 810 1169 868 T.
1197 814 1220 872 1.
1250 832 1280 887 p.
1304 822 1348 874 4¹2.

58 905 176 963 Ruhnlz.
207 903 244 959 od
271 904 347 961 Tim.
380 923 409 978 p.
433 910 494 963 241.
523 901 643 962 Jacobs.
671 901 828 959 Animadv.
853 902 975 962 Anthol.
998 903 1054 960 III.
1086 902 1111 960 Ι.
1139 923 1167 977 p.
1190 911 1232 961 50.
1272 907 1349 964 Hinc

56 994 196 1049 translate
224 994 260 1050 de
287 998 461 1063 occasione,
504 1017 590 1052 αιιεα.
639 997 715 1052 Plut.
752 996 786 1052 de
815 998 900 1052 amic.
927 995 1033 1054 multit.
1070 1016 1099 1070 p.
1128 1002 1161 1055 93
1188 997 1224 1056 D.
1272 1000 1350 1064 οὕτως

56 1091 160 1143 ἳκαστσν
187 1084 257 1160 ἡμῶν
282 1120 316 1131 -
350 1088 364 1144 ὁ
392 1089 540 1162 πρόσφατος
566 1088 606 1146 ἀεὶ
631 1096 674 1145 καὶ
708 1089 796 1144 ἀνθῶν
821 1088 955 1160 επάγεται,
1002 1094 1045 1145 καὶ
1074 1097 1231 1161 μετατίθησι
1257 1093 1351 1154 πολλάς

55 1179 122 1250 ὁμοῦ
142 1187 185 1236 καὶ
205 1179 299 1243 ἀτελεῖς
317 1179 431 1255 ἀρχάς
449 1181 605 1254 πράττοντας
627 1189 712 1255 φιλίας
730 1188 773 1238 καὶ
795 1191 939 1252 συνηθείας.
972 1180 1039 1241 adv.
1064 1183 1161 1243 Colot.
1184 1203 1212 1258 p.
1234 1190 1299 1241 1118
1317 1186 1350 1242 C.

54 1271 119 1344 ὃδὴ
139 1281 182 1329 καὶ
203 1274 337 1348 Σωκράτει
359 1272 468 1348 ἀπορίας
490 1281 532 1330 καὶ
554 1274 677 1345 ζητήσεως
705 1275 798 1346 ταύτης
826 1273 930 1346 ἀρχὴν
957 1275 1193 1332 δνίδωκιν.“οε
1220 1275 1350 1338 Stoicor.

54 1370 260 1441 repugnantiis
287 1388 314 1442 p.
334 1373 401 1426 1049
427 1370 459 1428 Β.
499 1367 577 1431 οὕτως
604 1365 619 1424 ό
646 1370 712 1432 θεὸς
743 1370 847 1442 φθοράς
878 1364 986 1442 ἀρχάς
1014 1372 1161 1425 δίδωσιν.
1186 1370 1351 1431 Ῥίωῑουίυ.

57 1459 179 1529 Quaest.
210 1480 240 1534 p.
267 1465 334 1519 1000
360 1461 395 1518 Ε.
430 1459 494 1523 ὅθεν
523 1459 595 1517 οὐδὲν
618 1466 731 1519 ἐδίδασκε
753 1460 907 1535 Σωκράτης,
943 1458 1007 1516 ἀλλά
1031 1462 1203 1524 ἐνδιδοὺς
1231 1458 1351 1535 ἀρχάς

55 1551 184 1624 ἀποριῶν,
220 1550 300 1623 ὥσπερ
331 1552 439 1616 ὠδίνων,
473 1562 527 1615 τοῖς
550 1561 631 1619 νέοις,
662 1552 782 1625 ίπήγειρε.
829 1553 949 1626 Gryllus
983 1572 1013 1628 p.
1040 1558 1092 1612 989
1116 1554 1151 1612 Β.
1194 1562 1222 1612 αἱ
1245 1559 1272 1610 δὲ
1300 1557 1351 1611 τῶν

56 1642 224 1716 ἀφροδισίων,
248 1652 289 1707 αἶς
307 1642 406 1718 ἀρχάς
426 1641 442 1714 ἡ
465 1644 539 1716 φόσις
562 1651 741 1703 ἐνδίδωσιν.
775 1649 827 1706 vit.
849 1647 999 1706 Coriolan.
1026 1666 1052 1704 e.
1072 1648 1203 1723 XXXII.
1228 1648 1263 1705 de
1282 1667 1348 1707 sero

55 1738 136 1794 vind.
155 1757 235 1797 num.
257 1758 290 1813 p.
306 1738 410 1809 55⁸1).
445 1739 520 1795 Vide
538 1739 681 1815 Leopold.
700 1741 737 1797 ad
755 1741 831 1801 Plut.
851 1740 965 1801 Sertor.
986 1760 1018 1815 p.
1036 1743 1099 1801 465.

122 1905 152 1960 p.
171 1891 292 1954 26,16.“
312 1885 409 1962 Ἑρμῆν
429 1886 521 1959 λόγον]
556 1888 631 1945 Vide
649 1889 763 1950 Abrah.
782 1889 894 1948 Willet.
915 1888 952 1945 ad
970 1889 1074 1949 Galen.
1092 1901 1237 1965 protrept.
1255 1911 1286 1966 p.
1305 1895 1349 1950 10.

64 2006 67 2011 Ι
122 2042 280 2110 Ρ.26,18.
316 2033 476 2106 ἀθεότητος]
512 2035 661 2108 ἀθεότητος
677 2038 747 2095 Bas.

123 2206 154 2259 p.
172 2191 221 2253 20,
240 2193 283 2244 19.
319 2184 513 2260 διαγράφωμεν]
536 2185 700 2260 ,διαγράφειν
726 2196 772 2242 est
792 2186 887 2244 litura
911 2186 1035 2244 inducta
1060 2188 1207 2262 scriplum
1237 2187 1348 2256 delere,

56 2299 244 2354 expungere,
271 2278 401 2363 obolere.
437 2280 539 2356 Itaque
565 2279 714 2354 διαγράφειν
735 2280 814 2343 θεοὺς
833 2288 867 2345 εἰς
888 2280 966 2352 πάθη
989 2287 1032 2337 καὶ
1060 2280 1177 2354 δυνάμεις
1197 2287 1240 2337 καὶ
1260 2280 1352 2354 ἀρετάς

57 2375 115 2440 enit
135 2372 207 2427 deoc
224 2371 269 2426 ιἰσ
291 2372 408 2439 tollere,
438 2389 469 2428 αι
488 2395 528 2429 ιιι
550 2374 592 2431 iis
601 2375 762 2444 jaciemus
782 2374 957 2445 affectiones
980 2377 1106 2431 virtutes
1130 2391 1158 2430 et
1176 2376 1350 2439 ίσουίισιιε.

58 2467 201 2521 Similiter
213 2465 290 2524 Plut.
309 2464 344 2520 de
362 2465 441 2522 Iside
459 2478 488 2523 et
505 2468 622 2525 Osiride
640 2487 668 2542 p·
687 2474 737 2528 360
753 2470 792 2528 A.
827 2466 856 2531 (ic
870 2464 946 2531 αὗτός
961 2465 1106 2542 ἀντίγραφα
1123 2478 1226 2533 συνθεὶς
1242 2467 1351 2526 ἀπίστου

57 2565 101 2613 καὶ
116 2555 276 2627 ἀνυπάρκτου
289 2566 449 2632 μυθολογίας
464 2562 548 2616 πᾶσαν
562 2559 693 2631 ἀθεότητα
710 2562 915 2618 κατασκεδάννυσι
931 2564 976 2633 τῆς
996 2569 1153 2636 οἰκουμένης,
1169 2562 1229 2627 τοὺς
1246 2567 1352 2635 νομιζο·

56 2662 146 2726 μίνους
168 2656 269 2720 θεοὺς
294 2654 389 2720 πάντας
414 2655 514 2728 ὅμαλῶς
534 2656 724 2728 διαγράφων
749 2662 795 2719 εἰς
819 2654 962 2728 ὀνόματα
989 2659 1134 2730 στρατηγῶν
1156 2664 1199 2713 καὶ
1220 2656 1351 2730 ναυάρχων

57 2754 100 2802 καὶ
118 2754 247 2818 βασιλέων.
280 2748 375 2820 Quem
387 2750 485 2805 locum
502 2751 618 2825 egnegie
639 2769 656 2806 ε
676 2749 843 2806 Marklandi
858 2752 1045 2807 correctione
1067 2749 1229 2807 vindicavit
1246 2744 1367 2805 Ruhn?

56 2841 161 2897 kenius
188 2841 224 2897 ad
248 2842 325 2898 Tim.
352 2860 382 2917 p.
402 2850 444 2899 82.
471 2845 521 2918 qui
539 2852 567 2898 et
584 2840 624 2899 ib.
652 2862 682 2917 p.
701 2846 751 2900 377
768 2843 805 2902 D.
840 2840 874 2915 μη
900 2842 1017 2899 λάθωσιν
1041 2848 1089 2904 εἰς
1112 2839 1282 2910 πνεῦματα
1308 2846 1352 2895 καλ

58 2931 171 3004 ῥεύματα
189 2939 231 2988 καί
248 2932 360 3006 σπόρους
379 2940 422 2989 καὶ
438 2931 546 3006 ἀρότους
562 2940 605 2987 καὶ
624 2931 719 3004 πάθη
742 2935 789 3004 γῆς
804 2940 847 2989 καὶ
862 2934 1004 3006 μεταβολὰς
1022 2929 1091 3006 ἀρῶν
1114 2930 1353 3004 διαγράφοντες

57 3026 90 3080 τά
113 3036 176 3082 θεῖα
201 3032 243 3081 καί
266 3025 422 3094 διαλύοντες,
448 3025 527 3099 ὥσπερ
551 3033 576 3081 οἱ
594 3023 718 3082 Διόνυσον
736 3026 781 3082 τὸν
799 3032 881 3093 οἶνον,
904 3025 1048 3099 Ἥφαιστον
1067 3030 1094 3080 δὲ
1112 3023 1158 3095 τὴν
1175 3023 1273 3095 φλόγα,
1301 3023 1353 3081 ubi

59 3119 148 3194 vulgo
164 3119 316 3195 legebatur
336 3119 534 3192 διυγνάφσντις,
551 3128 581 3174 et
600 3130 736 3176 nostrum
752 3120 851 3175 locum
871 3120 1002 3176 conferri
1017 3119 1116 3193 jussit.

593 3269 699 3353 Caput
718 3271 816 3337 XIV.

126 3430 156 3485 P·
175 3420 225 3480 26,
243 3420 287 3473 24.
321 3406 485 3483 παθητικόν]
520 3412 657 3469 Reiskius
688 3414 822 3485 conjecit·
839 3413 994 3483 μαχητικὸν,
1026 3423 1171 3486 utsupra
1195 3413 1250 3469 fuit
1273 3411 1353 3486 ἀρχάς

59 3505 144 3569 διδοὺς
160 3515 214 3568 τοῖς
229 3505 259 3560 τό
277 3504 415 3577 μαχητικὸν
434 3514 459 3562 ἐν
475 3504 534 3578 ἡμῖν
550 3512 592 3561 καὶ
612 3505 739 3578 διάφορον
762 3512 805 3561 καὶ
821 3510 965 3576 θυμοειδὲς.
998 3504 1074 3567 Non,
1087 3501 1191 3578 probo.
1221 3503 1297 3561 Plut.
1317 3503 1352 3559 de

64 3601 133 3657 virt.
159 3598 264 3654 morali
287 3617 317 3671 p.
335 3603 387 3657 452
405 3598 440 3657 C.
467 3596 530 3655 ἀλλὰ
554 3604 597 3653 καὶ
619 3604 693 3672 περὶ
717 3599 773 3662 τάς
791 3598 898 3672 μάχας
918 3599 953 3655 τό
974 3597 1235 3668 παθητικόν-καὶ
1258 3596 1288 3651 τό
1312 3604 1355 3652 δν-

64 3694 208 3755 θουσιῶδες
228 3688 403 3748 ἀνυπόστατόν
421 3700 474 3749 ἐστι
491 3700 535 3748 καὶ
551 3693 685 3763 ἀήττητον.

133 3861 164 3916 p.
181 3845 229 3908 26,
247 3847 290 3899 26.
326 3840 481 3908 κοινωνικὸν]
517 3853 562 3897 cst
591 3843 875 3900 communicationis
900 3857 928 3897 ιι
953 3839 1183 3898 conciliationis
1206 3838 1354 3907 studium,

69 3932 104 3991 de
124 3952 182 4010 qno
201 3932 268 3989 vide
290 3932 448 4006 Wyttenh.
468 3934 505 3990 cd
523 3935 599 3995 Plut.
620 3934 655 3991 de
672 3946 746 3992 rect.
766 3934 833 3997 end.
851 3944 912 3994 rat:
930 3953 962 4009 p.
979 3939 1013 3993 43
1030 3932 1068 3991 D.

134 4102 164 4158 p.
182 4089 230 4152 26,
247 4088 292 4144 21.
327 4081 395 4140 ὅπλα
410 4087 450 4150 τε]
485 4082 553 4140 ὅπλα
567 4092 595 4141 τὲ
611 4084 647 4144 Β.
666 4085 701 4144 Ε.

137 4249 167 4305 Ρ.
186 4240 233 4300 26,
251 4240 294 4293 28.
329 4239 385 4290 ἐστί
403 4238 452 4303 τις]
488 4242 541 4291 ioco
555 4242 593 4299 τίς
610 4236 642 4297 Β.
659 4238 694 4294 Ε.
728 4242 780 4292 ἔστι
796 4259 833 4300 τις
849 4236 917 4296 Ald.
935 4239 1022 4297 Bos...

138 4397 170 4452 p.
185 4386 231 4447 26,
247 4386 297 4438 28.’
323 4381 458 4457 Στράτιος]
493 4384 633 4441 Herodot.
645 4384 681 4445 V.
701 4405 729 4445 e.
741 4393 799 4445 119.
817 4387 905 4461 Κάρές
922 4391 969 4442 εἰσι
986 4387 1012 4441 οἳ
1028 4390 1084 4442 Διῒ
1099 4387 1248 4455 Στρατίην
1263 4388 1358 4444 θυσίας

72 4470 173 4542 ἀγουσι.
206 4472 282 4533 Plut.
302 4473 424 4538 Eumen.
443 4495 471 4538 c.
489 4478 587 4537 XVII.
606 4477 673 4552 ὑμεῖς
693 4483 738 4547 δὲ,
754 4479 818 4553 πρὸς
833 4479 912 4543 Διός
928 4487 1096 4554 Στρατίου
1113 4483 1155 4531 καὶ
1171 4477 1240 4557 θεῶν
1261 4473 1359 4548 ὁρκίων,

62 4560 179 4631 ἐνταῦθά
204 4586 235 4633 με
260 4561 298 4621 δι’
321 4564 402 4625 αὑτῶν
418 4579 535 4628 κτείνατε.
562 4590 666 4646 praec.
687 4574 761 4647 reip.
784 4591 845 4649 ger.
873 4593 903 4648 p.
926 4580 974 4632 801
994 4574 1030 4636 Ε.
1066 4568 1125 4627 οὐδὲ
1144 4569 1205 4631 Διὸς
1228 4573 1359 4624 Βουλαίου
