3036 4994
105 565 128 623 C

108 1701 135 1756 D

160 200 200 264 3⁰
636 182 965 256 ΠΛΟΥΤΑΡΧΟΥ

154 359 212 423 καὶ
236 348 452 442 βραβεῦεινίί
480 349 538 433 τὴν
563 351 638 437 περὶ
665 347 741 426 τοῦς
767 346 887 424 καλοῦς
911 348 966 412 καί
994 343 1133 432 ὡραίους
1160 344 1351 431 ἐπιμέλειαν
1387 344 1445 409 τῦι

154 458 299 548 έρώντων
317 461 374 523 καὶ
391 455 509 537 δίωξιν.
557 452 659 519 Οὐδὲν
683 451 746 540 γάρ
772 451 860 516 ἐστιν
886 445 1024 537 αἰσχρόν
1049 444 1119 514 οὐδ’
1148 445 1336 535 ἀναγκαῖον
1365 445 1446 513 ἀλλά

156 562 265 631 πειθώ
284 565 341 629 καὶ
358 558 452 646 χάρις
472 557 644 625 ἐνδιδοῦσα
663 555 794 622 πόνον
816 553 917 636 ίγδόν
935 553 978 633 ώς
993 552 1130 632 ἀληθῶς

348 685 495 773 κάματόν
515 684 539 751 τ’
561 683 743 769 εῦκάματον

155 818 327 908 ὑφηγεῖται
343 816 424 905 πρός
444 813 562 904 ἀρετὴν
581 817 636 879 καί
657 787 789 902 φιλίαν,
811 811 889 879 οῦτε
910 809 986 878 ἀνευ
1004 814 1089 878 θεοῦ
1107 810 1144 877 τό
1161 809 1337 899 προσῆκον
1358 809 1450 886 τέλος

155 919 391 1006 λαμβάνουσαν
418 918 490 985 οῦτε
518 918 618 984 ἀλλον
641 914 780 1002 ἔχουσαν
800 914 943 1000 ἡγεμόνα
964 920 1021 981 καὶ
1040 913 1198 994 δεσπότην
1220 914 1328 994 θεόν,
1366 912 1451 979 ἀλλά

155 1025 213 1091 τόν
232 1025 376 1091 Μουσῶν
395 1028 452 1090 καί
472 1020 627 1109 Χαρίτων
645 1024 701 1087 καί
717 1017 915 1110 Ἀφροδίτης
934 1019 1081 1106 ἑταῖρον,
1099 1018 1238 1108 Ἔρωτα.

233 1148 342 1217 Ιλυκι)
366 1151 429 1237 γὰρ
455 1151 561 1236 θέρος
587 1147 707 1238 ἀνδρὸς
730 1146 933 1238 ὑποσπείρων
958 1147 1131 1237 πραπίδων
1153 1144 1269 1235 πάθω,

161 1254 247 1322 κατά
264 1254 323 1319 τόν
342 1251 612 1332 Μελανιππίδην,
637 1250 678 1316 τά
698 1245 817 1332 ἥδιστα
837 1250 968 1336 μίγνυσι
996 1252 1065 1327 τοῖς
1092 1247 1293 1327 καλλίστοις·
1323 1243 1465 1329 ἢπιῦς,

160 1355 242 1449 ἔφη,
262 1359 413 1445 λέγομεν,
433 1344 458 1421 ol
478 1353 650 1438 Ζεῦξιππες
997 1352 1000 1357 ’
1386 1435 1390 1441 ⁴

236 1484 286 1563 ις’.
324 1483 502 1564 Κάκεῖνος,
528 1478 649 1562 θότως,
669 1480 749 1572 ἔφη,
768 1481 809 1563 νὴ
827 1481 908 1563 Δία,
931 1481 1053 1560 παντός
1070 1483 1210 1568 μάλλον·
1236 1477 1368 1546 ἀτοπσν
1389 1479 1453 1567 γάρ

159 1587 270 1672 ἀμέλει
281 1584 480 1652 τούναντίον.
513 1583 636 1651 Ἐκεῖνο
651 1585 701 1663 δὲ,
722 1584 879 1673 όποιτὴρ,
899 1582 957 1651 οῦκ
972 1584 1111 1664 ἄτοπον,
1130 1574 1233 1663 εἶπεν,
1254 1577 1286 1649 εἰ
1299 1583 1456 1671 τέσσαρα

160 1693 235 1775 γε’νη
254 1694 309 1768 τῆς
324 1687 436 1780 φιλίας
453 1686 601 1774 ἐχούσης,
621 1683 727 1776 ὥσπερ
750 1691 782 1754 οί
800 1691 938 1755 παλαιοί
958 1688 1131 1778 διώρισαν,
1149 1688 1188 1755 τό
1203 1687 1348 1775 φυσικόν
1364 1678 1469 1781 π’ρό-

158 1814 233 1871 τον,
253 1781 321 1856 εἶτα
342 1791 381 1857 τό
400 1791 585 1876 συγγενικόν
605 1791 656 1858 ἐπὶ
676 1789 791 1883 τούτῳ,
811 1795 869 1857 καλ
885 1791 995 1879 τρίτον
1015 1793 1052 1857 τό
1072 1792 1246 1877 ἑταιρικόν,
1267 1793 1326 1856 καὶ
1346 1782 1471 1855 τελέοιΙ

160 1898 255 1960 τοῖον
278 1895 316 1959 τό
342 1895 509 1984 ἐρωτικόν,
538 1892 603 1981 ἔχει
626 1892 748 1961 τούτων
774 1895 912 1962 ἕκαστον
938 1893 1110 1978 ἐπιστάτην
1130 1896 1216 1961 θεόν
1239 1891 1262 1976 ἢ
1286 1893 1408 1983 φίλιον
1432 1888 1458 1975 ἢ
1470 1890 1473 1895 ’

161 1997 265 2078 ξένιον
280 1995 302 2080 ἢ
322 1996 477 2084 ὁμόγνιον
498 2001 555 2065 καλ
570 2002 736 2089 πατρῷον·
757 1998 860 2086 μόνον
880 2001 915 2065 δὲ
933 2000 971 2064 τό
991 1997 1142 2085 ε’ρωτικόν
1157 1992 1261 2085 ώσπερ
1277 1988 1461 2085 δυσιεροῦνΙ

160 2100 296 2168 ἀνόσιον
322 2106 380 2168 καὶ
406 2099 587 2199 ἀδέσποτον
616 2102 769 2194 ἀφεῖται,
797 2105 981 2170 καὶταῦτα
1007 2102 1157 2182 πλείστης
1183 2098 1361 2186 ἐπιμελείας
1389 2102 1462 2165 καλ

55 2217 59 2225 ’
158 2205 377 2295 κυβερνήσεως
399 2205 574 2291 δεόμενονς
595 2205 683 2294 Ἔχει
708 2211 765 2274 καί
788 2211 907 2287 ταῦτα,
937 2207 955 2273 ό
980 2205 1156 2285 Ζεύξιππος
1181 2193 1276 2282 εἶπεν,
1308 2199 1350 2264 οῦ
1374 2201 1452 2282 μὴν

111 2520 137 2575 E

114 3484 138 3540 F

104 4596 160 4704 'l

158 2307 343 2394 ἀλλοτρίαν.
378 2307 482 2374 ’Ἀλλά
501 2311 584 2394 μὴν,
605 2311 623 2376 ό
643 2312 752 2396 πατὴρ
773 2309 856 2394 ἔφη,
882 2309 923 2377 τά
941 2336 978 2395 γε
996 2311 1054 2375 τοῦ
1071 2307 1249 2384 Πλάτωνος
1266 2301 1444 2389 ίπιλάβοιτ’

159 2407 201 2474 ἀν
228 2413 285 2474 τοῦ
312 2409 412 2491 λόγον
438 2415 493 2476 καί
513 2413 731 2502 παρεξιόντος.
771 2412 890 2480 Μανία
914 2415 977 2498 γάρ
1003 2411 1025 2493 ἡ
1048 2417 1109 2496 μέν
1133 2410 1199 2476 ἀπό
1228 2407 1374 2493 σώματος
1397 2406 1453 2472 ἐπὶ

164 2511 274 2595 φυχίγν
299 2509 518 2596 ἀνεσταλμένη
546 2516 759 2600 δυσκρασίαις
778 2521 864 2583 τισὶν
882 2514 904 2596 ἢ
924 2513 1152 2600 συμμίξεσινῆ
1168 2513 1353 2598 πνεῦματος
1372 2511 1458 2595 βλα-

162 2613 262 2698 βεροῦ
279 2618 536 2701 περιφερομένου
551 2621 685 2702 τραχεῖα
706 2622 762 2683 καὶ
781 2619 905 2702 χαλεπὴ
921 2622 976 2682 καί
993 2617 1148 2700 νοσώδης.
1182 2615 1300 2703 Ἑτέρα
1320 2613 1350 2680 δ’
1368 2606 1469 2680 ἔστὶν

163 2712 222 2779 οῦκ
242 2712 424 2793 ἀθείαστος
442 2716 516 2783 οῦδὲ
536 2713 702 2803 οἰκογενὴς
721 2718 790 2785 ἀλλ’
812 2719 930 2802 ἔπηλυς
942 2722 1093 2787 ἐπίπνοια
1110 2725 1165 2788 καί
1179 2721 1382 2809 παρατροπὴ
1400 2720 1461 2783 τοῦ

164 2818 372 2903 λογιζομένου
390 2823 447 2885 καὶ
469 2823 671 2908 φρονοῦντος
692 2822 797 2909 ἀρχὴν
818 2825 998 2911 κρείττονος
1021 2825 1185 2910 δυνάμεως
1206 2824 1313 2913 ἀρχὴν
1337 2820 1460 2909 ἔχουσα

164 2926 222 2988 καλ
242 2923 388 3004 κίνησιν,
404 2913 444 3003 ἧς
464 2923 501 2988 τό
519 2929 580 3009 μέν
599 2927 710 2992 κοινόν
728 2928 1001 2994 ἐνθουσιαστικὸν
1019 2931 1166 2995 καλεῖται
1179 2927 1311 3005 πάθος·
1333 2926 1379 3006 ὡς
1396 2925 1459 3013 γάρ

164 3023 307 3112 ἔμπνουν
329 3025 366 3091 τό
384 3022 566 3113 πνεῦματος
583 3032 778 3118 πληρωθὲν,
805 3030 932 3121 ἔμφρον
959 3035 995 3099 δὲ
1018 3034 1056 3099 τό
1073 3031 1280 3123 φρονήσεως,
1309 3025 1414 3107 οῦτως
1438 3025 1458 3092 ὃ

164 3131 308 3204 τοιοῦτος
334 3127 435 3208 σάλος
458 3135 566 3219 φυχῆς
586 3133 831 3216 ἐνθουσιασμός
858 3134 1063 3221 ώνόμασται,
1089 3140 1210 3230 μετοχῇ
1228 3138 1285 3201 καί
1302 3128 1459 3222 κοινωνίη

164 3232 339 3317 θειοτέρας
354 3233 532 3318 δυνάμεως·
559 3236 807 3323 ἐνθουσιασμοῦ
831 3241 867 3305 δὲ
888 3240 926 3305 τό
941 3240 1099 3326 μαντικόν
1116 3240 1149 3320 ἔξ
1163 3237 1376 3316 ’Λπόλλωνος
1396 3237 1462 3302 ἔπι·

162 3332 279 3410 πνοίας
297 3339 354 3401 καὶ
372 3341 526 3423 κατοχῆς·
546 3339 583 3405 τό
603 3341 639 3405 δέ
655 3341 808 3425 βακχεῖον
824 3342 858 3406 ἐκ
873 3339 1048 3424 Διονύσου,

359 3462 455 3530 Κάπὶ
472 3466 680 3556 Κυρβάντεσι
698 3468 889 3558 χορεύσατε,

165 3589 247 3675 φησὶ
259 3588 447 3678 Σοφοκλῆς·
466 3592 507 3659 τά
524 3595 587 3683 γάρ
602 3597 738 3686 μητρῷα
754 3599 810 3662 καί
830 3597 953 3664 παναά
972 3599 1122 3663 κοινωνεῖ
1136 3599 1204 3674 τοῖς
1217 3597 1393 3685 βακχηιοῖς
1409 3594 1466 3684 ἀρ·

164 3695 327 3775 γιασμοῖς.
372 3695 473 3784 Τρίτη
494 3697 529 3763 δέ
548 3695 614 3764 ἀπὸ
628 3700 773 3766 Μουσῶν
796 3700 947 3783 λαβοῦσα
971 3699 1102 3781 ἁπαλὴν
1123 3705 1179 3766 καὶ
1200 3699 1329 3780 ἄβατον
1350 3701 1466 3790 ψυχὴν

166 3792 204 3858 τό
222 3796 390 3876 ποιητικόν
408 3803 466 3864 καὶ
483 3803 641 3886 μουσικόν
656 3802 816 3891 ἐξώρμησε
830 3807 886 3869 καὶ
903 3803 1116 3893 ἀνερρίπισεν.
1150 3804 1200 3872 Ἡ
1213 3807 1248 3872 δὲ
1268 3804 1468 3891 ἀρειμάνιος

165 4087 198 4145 C.
224 4097 250 4148 1.
287 4095 431 4161 lrdulolwoe]
450 4093 511 4151 BE.
531 4093 688 4168 Wyttenh.
723 4095 824 4172 Vulgo
841 4097 857 4167 ί,-
877 4099 994 4154 διδοῖσα.

166 4179 201 4237 C.
223 4189 250 4243 2.
284 4183 399 4256 κάματόν
420 4184 443 4241 τ’
466 4185 620 4259 εῦιάμεαοι]
643 4191 811 4246 restitutum
832 4210 868 4248 ex
889 4192 1031 4267 Euripide
1054 4204 1083 4249 et
1108 4193 1174 4251 aliis
1193 4193 1348 4251 Plutarchi
1376 4195 1469 4253 locis.

299 4278 396 4354 Vulgo
414 4278 446 4342 ὃς
463 4277 568 4350 ἀληθῶς
581 4281 694 4354 κάματον
713 4279 854 4354 ὑφηγεῖται.

168 4363 202 4422 C.
224 4374 251 4424 5.
285 4370 331 4422 τὸν
350 4375 476 4439 Μουσῶν]
498 4375 555 4434 ΒΕ.
590 4375 691 4450 Vulgo
708 4377 757 4431 τών
772 4379 901 4435 Μονσόι.

166 4456 200 4515 C.
224 4459 252 4519 6.
286 4462 374 4533 πόση]
393 4465 428 4524 Ε,
467 4466 567 4542 Vulgo
585 4466 685 4524 πόθοι.

167 4548 206 4609 Ι).
232 4557 259 4608 4.
294 4555 436 4627 δυσιεροῦν]
455 4558 489 4615 E.
508 4570 555 4626 et,
574 4571 605 4615 ut
622 4560 751 4628 videtur,
770 4560 804 4618 B.
824 4560 982 4635 Wyuenb.
1017 4560 1117 4637 Vulgo
1136 4567 1275 4639 δυσιερουε.
1300 4552 1303 4558 ’

166 4642 208 4703 Ι).
233 4650 258 4704 5.
293 4641 405 4714 ἀνόσιοι]
423 4649 522 4708 Reisk.
558 4653 654 4732 Vulgo
672 4654 773 4717 ἄνοσοι.
810 4654 966 4730 Wyllenb.
987 4655 1077 4713 edidit
1093 4654 1199 4728 όιομοι,
