3036 4994
534 249 537 256 ¹
576 162 826 243 ΕΡΩΤΙΚΟΣ.
1303 181 1341 247 dl
1427 120 1436 128 ·

134 339 253 405 XXII.
294 337 393 422 Cujus
406 337 453 404 rei
466 359 535 403 cum
549 339 671 422 abunde
683 337 897 420 exemplorum
911 336 966 413 sit,
986 341 1066 420 apud
1080 360 1156 418 vos,
1177 338 1344 423 Cupidinis

57 445 225 525 populares
245 455 336 528 atque
354 443 511 520 cultores,
536 456 638 509 tamen
656 465 715 527 par
735 455 797 517 est,
821 440 985 516 Gammae,
1005 443 1163 508 Galaticae
1183 445 1342 522 mulieris,

57 547 178 612 Iacious
206 548 337 612 referre.
384 549 471 613 Haec
498 571 569 613 cum
596 560 677 613 esset
705 548 810 612 forma
840 544 1077 624 venustissima,
1110 573 1194 615 uxor
1221 550 1345 626 Sicuti,

58 653 200 717 Galatiae
219 652 335 738 reguli,
355 655 492 717 adamata
512 653 572 719 fuit
591 676 609 717 a
629 652 795 737 Sinorige,
815 651 996 713 Galatarum
1013 653 1242 733 potentissimo.
1278 655 1346 739 ‚Qui

58 779 148 836 cum,
170 757 281 822 marito
301 757 442 834 vivente,
463 780 563 844 neque
582 779 801 839 persuasurum
822 777 855 819 se
876 753 998 818 mulieri
1018 756 1219 834 adulterium,
1244 782 1345 842 neque

58 861 121 925 viru
140 862 257 926 inferre
276 878 369 944 posse
388 863 527 941 videret,
553 863 691 928 Sinatum
712 859 882 925 interfecit.
923 862 1003 922 Erat
1023 859 1170 926 Gammae
1189 864 1345 946 refugium
1453 870 1455 877 ’

20 1020 23 1028 .
55 977 87 1029 et
107 968 243 1031 solamen
263 967 464 1043 calamitatis,
490 967 699 1032 sacerdotium
721 965 840 1030 Dianae
860 962 996 1040 avitum,
1023 963 1055 1028 in
1076 964 1166 1048 cujus
1185 969 1260 1030 aede
1279 969 1346 1050 plc-

54 1092 185 1154 rumque
210 1074 482 1155 commorabatur,
510 1070 661 1135 neminem
681 1070 860 1144 admittens,
887 1091 1063 1152 quanquam
1087 1069 1176 1135 multi
1196 1070 1293 1154 ipsam
1314 1083 1346 1135 et

53 1188 196 1259 potentes
225 1177 391 1242 ambirent.
437 1174 518 1241 Cum
548 1188 649 1239 autem
677 1174 806 1238 Sinorix
835 1195 927 1236 ausus
953 1186 1035 1239 esset
1064 1195 1131 1238 eam
1161 1179 1200 1239 dc
1229 1175 1346 1256 nuptiis

54 1276 228 1364 appellare,
248 1302 312 1345 uon
332 1279 538 1365 subterfugit,
557 1302 658 1363 neque
677 1278 799 1344 facinus
812 1277 879 1360 ejus
895 1278 1051 1362 culpavit,
1072 1284 1111 1344 ad
1125 1279 1347 1366 quodscilicet

54 1408 119 1451 uon
138 1384 197 1448 alia
218 1384 371 1466 pravitas,
402 1387 457 1449 sed
482 1405 571 1448 amor
596 1384 692 1468 ipsius
721 1395 752 1448 et
784 1382 991 1462 desiderium,
1021 1383 1206 1466 impulisset.
1251 1387 1346 1471 Ergo

54 1489 187 1554 Sinoria
207 1490 304 1553 tideus
325 1488 488 1567 Gammae,
517 1487 602 1552 vcnit
627 1510 692 1552 eam
718 1488 750 1551 iu
777 1486 1006 1552 matrimonium
1026 1489 1169 1570 petitum.
1211 1489 1347 1555 Occurit

56 1593 185 1669 mulier,
205 1596 335 1678 dataque
355 1597 482 1669 dextra,
504 1596 543 1656 ad
561 1616 645 1657 aram
660 1591 780 1658 Dianae
801 1584 955 1657 hominem
976 1594 1117 1658 adduxit.
1155 1594 1207 1659 Ibi
1220 1616 1289 1659 cnm
1305 1599 1347 1660 de

57 1700 174 1773 mulso,
194 1702 279 1782 quod
293 1719 413 1761 veneno
435 1697 604 1775 iniecerat,
624 1709 760 1782 epatera
776 1696 955 1772 libavisset‚
976 1696 1134 1762 dimidium
1148 1698 1216 1780 ipsa
1230 1700 1345 1778 ebibit,

54 1802 270 1886 reliquumque
291 1801 433 1888 Sinorigi
453 1804 639 1873 ebibendum
659 1801 852 1885 propinavit.
892 1803 1066 1883 Postquam
1092 1804 1228 1868 ebibisse
1247 1804 1345 1882 vidit,

55 1907 117 1970 alte
142 1909 264 1970 sublato
291 1905 428 1989 ejulatu,
456 1907 582 1972 nonnine
602 1907 743 1972 maritum
768 1905 942 1968 invocans:
976 1903 1080 1972 Hanc
1107 1928 1189 1989 epe,
1218 1907 1343 1994 inquit,

55 2009 388 2101 diempraestolans
402 2008 673 2095 rediererediere,
693 2006 818 2075 Sincere
831 2008 1033 2094 carissime,
1054 2011 1167 2076 uitam
1180 2011 1348 2077 acerbam

56 2111 219 2184 tolerari.
258 2111 364 2180 Nunc
383 2137 467 2182 uero
486 2113 601 2181 laetus
621 2136 677 2179 me
697 2113 833 2203 accipe,
855 2110 970 2175 ultam
986 2112 1039 2176 tui
1051 2113 1176 2195 qratia
1195 2112 1346 2181 scelera-

57 2218 235 2284 tissimum
259 2219 399 2305 uirum,
426 2230 534 2305 utque
558 2218 622 2284 tibi
648 2217 757 2302 uitae,
788 2216 841 2281 ita
861 2211 946 2298 linio
965 2215 1094 2287 mortis
1112 2217 1248 2284 sociam
1262 2240 1348 2307 per-

56 2320 204 2387 libenter
222 2323 372 2396 factam.
412 2324 462 2386 Ac
476 2322 605 2386 Sinorix
621 2321 744 2406 quidem
759 2320 868 2383 lectica
884 2332 1013 2395 vectus,
1026 2322 1120 2402 paulo
1133 2335 1207 2404 post
1220 2322 1348 2388 vivendi

58 2427 149 2489 finem
164 2428 258 2489 fecit:
276 2427 433 2490 Cammam
447 2427 553 2491 ierunt
566 2427 645 2492 diem
661 2427 742 2490 illam
758 2440 942 2508 noctemque
955 2425 1178 2510 supervixisse,
1194 2430 1347 2513 valdeque

59 2532 193 2594 alacrem
214 2544 245 2595 ct
266 2532 394 2596 hilarem
415 2531 595 2596 decessisse.

136 2677 266 2740 XXIII.
307 2675 396 2740 Talia
417 2677 510 2742 multa
531 2699 599 2740 cum
620 2676 682 2740 sint
701 2675 782 2740 sacta
804 2689 835 2740 et
848 2681 930 2759 apud
943 2699 1016 2753 uos,
1037 2692 1067 2743 et
1083 2681 1163 2760 apud
1176 2683 1348 2755 barbaros,

60 2781 130 2864 quis
149 2804 203 2845 eos
217 2782 315 2859 ierat,
338 2781 390 2867 qui
406 2784 561 2846 Venerem
577 2781 747 2846 maledictis
761 2781 933 2857 incessunt,
953 2796 1145 2866 negantque,
1166 2806 1232 2847 eam
1246 2785 1348 2849 amori

60 2886 235 2969 adjunctam
264 2909 357 2970 posse
384 2887 535 2953 amicitiae
564 2901 722 2950 auctorem
753 2885 833 2950 lieri.
878 2887 981 2950 Maris
1009 2888 1133 2969 quidem
1164 2907 1350 2949 rummare

61 2991 328 3066 cousuetudinem,
358 2991 463 3074 potius
483 3013 561 3055 vero
582 2989 847 3072 intemperantiam
872 3004 903 3055 et
925 2989 1101 3071 lasciviam,
1131 2988 1245 3072 aliquis
1270 3009 1348 3053 con·

62 3095 215 3173 sidereus,
235 3096 338 3160 dicere
358 3096 494 3175 possit:-

255 3220 340 3290 Nou
361 3219 397 3288 V
396 3222 511 3290 enoris
532 3218 621 3288 haec
641 3232 869 3310 sordeseere,
890 3217 957 3286 sed
974 3217 1143 3290 libidinis.

63 3355 173 3436 Itaque
202 3350 255 3434 qui
280 3372 394 3431 corpus
420 3373 507 3413 suum
532 3351 665 3414 libenter
691 3346 900 3430 prostituunt,
925 3369 981 3410 eos
1005 3348 1140 3413 omnium
1164 3353 1350 3418 deterrimos

65 3480 239 3530 censemus,
270 3452 444 3537 nullamque
471 3453 508 3518 iis
528 3456 638 3529 iidem,
667 3453 779 3517 nullam
800 3452 1023 3529 reverentiam,
1054 3454 1170 3538 nullum
1197 3457 1350 3524 amicitiae

66 3587 153 3628 nsum
175 3560 357 3626 tribuiumsa
381 3564 435 3622 sed
456 3581 544 3633 vere,
567 3572 599 3623 ut
619 3571 665 3621 est
685 3562 766 3640 apud
786 3557 999 3638 Sophoclem:

262 3686 365 3755 Tales
385 3687 519 3752 unicos
539 3685 702 3776 quisquis
720 3684 870 3760 amittit,
889 3682 977 3751 solet

259 3790 444 3860 Gaudere:
465 3791 595 3881 quique
613 3786 758 3876 habent,
779 3792 924 3881 eupiunt
942 3789 1115 3860 amittere.

68 3954 355 3975 m

70 4063 104 4122 c,
125 4071 154 4123 4.
186 4061 321 4133 parterm]
346 4057 457 4115 addidit
475 4052 632 4130 Wyttenb.
651 4073 667 4111 e
684 4055 743 4115 BE.

70 4159 108 4216 D.
129 4162 155 4218 5.
189 4162 365 4228 προσμένουσα
380 4147 429 4208 oni
444 4154 536 4225 χωρὶς]
563 4151 621 4209 BE.
655 4147 752 4225 ¹Vulgo
769 4147 946 4224 upoupirruoni
963 4171 1011 4206 ooo
1025 4156 1108 4226 χωρὶς.

71 4249 107 4307 Ε.
130 4253 157 4308 5.
190 4249 236 4317 τὴν
252 4239 315 4327 μὲν]
340 4244 503 4303 addendum
521 4238 566 4300 air
581 4243 628 4300 vel
643 4241 693 4317 γάρ
710 4245 838 4317 conjecit
856 4242 1012 4316 Wyttenb.

71 4340 108 4398 [l.
132 4348 158 4400 7.
192 4334 327 4410 drrnq'nnr]
350 4339 474 4412 ἐμβοήσας
492 4337 585 4393 Turn.
603 4335 640 4396 V.
658 4336 753 4411 Βοῦς.

73 4432 107 4491 Ε.
130 4439 156 4490 s.
190 4433 239 4497 atr]
264 4430 378 4488 addidit
394 4429 553 4502 wyttenb.
572 4444 588 4486 e
605 4426 667 4488 BE.

71 4526 106 4585 F.
132 4532 157 4585 I.
192 4527 291 4595 φιλίας]
317 4524 373 4582 BE.
408 4524 509 4600 Vulgo
526 4527 621 4596 pallus.
