3036 4994
168 236 209 301 ιι
611 194 615 202 ’
642 223 975 293 σκοννκνκον

168 382 345 477 πρεσβύτης
363 408 411 464 τις
429 384 549 474 ἕτερος,
572 383 610 448 τό
629 383 721 465 γένος
740 380 774 463 ἐξ
791 380 907 470 Ὠρεοῦ
925 380 1049 462 πόλεως
1068 382 1126 464 τῆς
1139 377 1392 458 Ἑστιαιάτιδος·
1413 369 1454 446 οὑ

116 508 140 566 ιι·
168 488 376 570 στενάξαντος
396 492 454 555 καλ
472 484 743 572 Λακεδαιμονίων
762 482 846 574 ἀράς
866 488 1060 573 ποιουμένου
1077 484 1221 562 ἀκούσας
1239 484 1455 564 όΣκέδασος,

165 589 386 670 ἐπυνθάνετο,
402 590 434 655 τί
449 588 551 655 κακόν
564 587 627 654 ὑπό
643 587 911 673 Λακεδαιμονίων
923 588 1099 666 πεπονθώς
1111 587 1169 668 εἴη.
1196 585 1235 652 ‘0
1246 589 1282 652 δέ
1296 587 1453 671 διηγεῖτο,

168 693 210 772 ώς
229 692 370 775 ὑπήκοος
386 697 446 778 μέν
468 693 535 761 έστι
556 694 614 772 τῆς
635 690 807 779 Σπάρτης,
832 693 999 779 πεμφθείς
1018 692 1053 756 δέ
1073 687 1118 768 εἰς
1133 688 1248 777 Ὠρεόν
1263 685 1455 777 Ἀριστόδη-

166 820 229 881 μος
250 795 414 883 ἁρμοστής
432 794 524 881 παρά
544 793 827 877 Λακεδαιμονίων,
854 792 1004 879 ώμότητα
1026 796 1083 859 καὶ
1104 791 1317 879 παρανομίαν
1335 791 1456 858 έπιδεί-

164 898 255 979 ξαιτο
273 899 417 979 πολλήν·
440 897 597 984 ε’ρασθείς
618 896 698 984 γάρ,
730 893 809 986 ἔφη,
837 898 896 962 τοὺ
917 896 995 981 ε’μοὺ
1021 895 1156 972 παιδός,
1190 895 1296 974 ε’πειδή
1320 893 1455 960 πείθειν

166 1001 327 1081 ἀδύνατος
345 990 399 1083 ήν,
419 1000 569 1089 ἐπεχείρει
591 996 782 1084 βιάσασθαι
800 1001 856 1065 καὶ
867 989 1014 1084 Υἀπάγειν
1033 998 1133 1064 αὑτόν
1150 998 1208 1075 τῆς
1227 997 1453 1083 παλαίστρας·

165 1104 342 1183 κωλύοντος
364 1106 399 1169 δέ
421 1103 479 1170 τοὺ
505 1101 718 1190 παιδοτρίβου
740 1105 796 1168 καλ
823 1102 1000 1168 νεανίσκων
1026 1102 1155 1166 πολλῶν
1184 1098 1456 1184 ἐκβοηθούντων,

165 1209 371 1298 παραχρῆμα
407 1204 426 1272 ὑ
453 1204 690 1293 Ἀριστόδημος
720 1203 925 1293 ἀπεχώρησε·
964 1205 1004 1296 τῇ
1030 1201 1063 1269 δ’
1093 1201 1249 1293 ὑστεραία
1278 1200 1457 1291 πληρώσας

168 1309 298 1398 τριήρη,
331 1306 518 1395 συνήρπασε
545 1306 582 1372 τό
609 1306 795 1394 μειράκιον,
827 1312 885 1374 καί
910 1306 944 1387 ἐξ
967 1304 1080 1394 Ὠρεοῦ
1104 1304 1299 1382 διαπλεύσας
1327 1301 1376 1383 είς
1398 1304 1457 1386 τήν

166 1413 329 1500 περαίαν,
363 1410 515 1498 ἐπεχείρει
543 1408 701 1496 ὑβρίσαι,
736 1407 775 1476 οὑ
806 1410 1032 1496 συγχωροῦντα
1060 1408 1094 1474 δ’
1131 1407 1230 1476 αὑτόν
1259 1407 1459 1496 ἀπέσφαξεν.

101 1523 151 1576 m
163 1511 375 1579 Ἐπανελθὼν
398 1514 432 1576 δέ
450 1508 496 1588 εἰς
512 1511 572 1592 τήν
585 1509 700 1598 Ὠρεόν
720 1510 880 1595 εὐωχεῖτο·
892 1511 958 1596 έγώ
977 1512 1013 1577 δέ
1032 1511 1090 1577 οὑκ
1105 1510 1221 1601 ἔφθην
1242 1511 1280 1577 τό
1301 1513 1459 1597 πραχθέν

165 1612 370 1697 πυθόμενος,
389 1615 444 1677 καλ
463 1611 500 1676 τό
519 1614 613 1697 σῶμα
631 1611 807 1692 κηδεύσας,
827 1610 1052 1698 παρεγενόμην
1067 1609 1112 1691 εἰς
1128 1615 1187 1694 τήν
1203 1614 1381 1700 Σπάρτην,
1402 1619 1458 1681 καλ

165 1718 233 1791 τοῖς
247 1712 413 1801 ,Ἐφόροις
433 1711 655 1800 ἐνετύγχανον·
688 1717 720 1778 οί
745 1713 781 1780 δὲ
803 1713 903 1798 λόγον
925 1713 984 1779 οὑκ
1007 1715 1184 1781 ε’ποιοὺντο.
1227 1719 1401 1796 Σκέδασος
1423 1719 1459 1784 δέ

165 1819 269 1882 ταῦτα
291 1813 435 1895 ἀκούων,
455 1816 595 1903 ἀθύμως
620 1818 774 1898 διέκειτο,
794 1815 1052 1900 ὑπολαμβάνων,
1079 1813 1131 1884 ότι
1152 1817 1218 1884 οὐδ’
1241 1818 1341 1884 αὑτοὺ
1358 1821 1459 1904 λόγον

167 1919 240 1984 τινά
267 1916 462 2002 ποιήσονται
487 1923 520 1987 οῖ
546 1918 767 2007 Σπαρτιάται·
799 1919 833 1984 ἐν
859 1921 950 2006 μέρει
973 1942 1008 1985 τε
1038 1920 1097 2000 τήν
1124 1917 1249 1987 οἰκείαν
1275 1922 1457 2008 διηγήσατο

168 2022 344 2111 συμφοράν
362 2023 407 2115 τῷ
427 2022 517 2114 ξένην·
538 2022 556 2089 ό
577 2024 612 2090 δέ
630 2022 805 2109 παρεκάλει
828 2019 926 2086 αὑτόν
945 2023 1027 2107 μηδὲ
1047 2022 1185 2109 ἐντυχεῖν
1204 2028 1272 2102 τοῖς
1285 2023 1456 2115 Ἐφόροις,

167 2122 236 2191 ἀλλ’
257 2124 511 2217 ὑποστρέψαντα
533 2121 579 2204 είς
595 2125 654 2206 τήν
667 2125 830 2192 Βοιωτίαν
852 2124 960 2191 κτίσαι
976 2131 1039 2191 τῶν
1053 2127 1246 2215 θυγατέρων
1261 2129 1319 2193 τόν
1338 2129 1458 2217 τάφον.

172 2226 236 2294 Ούκ
256 2228 406 2296 ἐπείθετο
427 2230 463 2295 δέ
483 2223 569 2313 ὅμως
589 2227 607 2294 ό
627 2229 810 2309 Σκέδασος,
836 2227 903 2294 ἀλλ’
926 2224 972 2306 εἰς
990 2228 1049 2310 τήν
1066 2229 1223 2316 Σπάρτην
1241 2229 1457 2319 ἀφικόμενος,

119 2336 145 2394 Β
172 2336 240 2410 τοῖς
258 2329 409 2422 Ἐφόροις
435 2331 630 2419 ἐντυγχάνει·
660 2323 704 2398 ών
728 2333 830 2418 μηδὲν
851 2330 1095 2422 προσεχόντων,
1126 2335 1178 2399 ἐπὶ
1200 2333 1270 2411 τούς
1287 2333 1459 2412 Βασιλέως
1499 2352 1501 2393 ι

169 2434 267 2512 ἵεται,
297 2439 354 2500 καί
380 2433 445 2500 ἀπό
464 2432 586 2500 τούτων
604 2431 727 2524 έκάστιμ
751 2437 815 2500 τών
839 2434 986 2517 δημοτῶν
1004 2435 1150 2525 προσιών
1169 2432 1320 2523 ώδύρετο·
1350 2440 1458 2519 μηδὲν

170 2536 206 2600 δέ
225 2536 324 2600 πλέον
340 2534 464 2616 ἀνύων,
485 2534 560 2600 ἔθει
581 2537 636 2601 διά
656 2538 756 2620 μέσης
776 2538 832 2613 τῆς
849 2535 987 2615 πόλεως,
1006 2535 1182 2603 ἀνατείνων
1200 2539 1284 2626 πρός
1301 2535 1396 2619 ἥλιον
1413 2542 1454 2606 τώ

172 2640 274 2724 χεῖρε,
305 2625 406 2714 αὑθις
427 2639 462 2703 δέ
483 2638 542 2718 τήν
563 2641 624 2724 γῆν
643 2635 768 2702 τύπτων
790 2635 975 2701 ἀνεκαλεῖτο
993 2637 1053 2714 τάς
1073 2636 1257 2723 Ἐριννύας,
1289 2644 1346 2706 καὶ
1366 2645 1455 2720 τέλος

170 2738 269 2806 αὑτόν
294 2740 352 2806 τοὺ
378 2740 435 2831 ζῇν
463 2741 666 2825 μετέστησεν.
700 2736 839 2826 Ὑστέρῳ
863 2759 900 2818 γε
926 2738 992 2822 μήν
1014 2737 1119 2828 χρόνῳ
1146 2740 1240 2818 δίκας
1271 2741 1395 2809 έδοοαν
1425 2747 1454 2810 οἱ

170 2842 451 2929 Λακεδαιμόνιοι·
486 2841 593 2921 ἐπειδή
622 2841 684 2929 γὰρ
714 2840 778 2905 τῶν
799 2838 960 2920 Ἑλλήνων
989 2839 1141 2906 ἀπάντων
1165 2831 1285 2930 ἦρχον,
1318 2849 1455 2926 καὶτὰς

171 2945 279 3026 πόλεις
301 2948 463 3036 φρουραῖς
482 2941 738 3031 κατειλήφεσαν,
764 2941 1025 3030 Ἐπαμεινώνδας
1043 2942 1061 3010 δ
1085 2945 1229 3030 θηβαῖος
1250 2952 1382 3036 πρῶτον
1397 2956 1455 3037 μέν

169 3050 228 3131 τήν
245 3049 322 3137 παρ’
343 3049 429 3142 αὑτηί
447 3047 595 3136 φρουράν
615 3044 790 3135 ἀπέσφαξε.
827 3047 1097 3132 Λακεδαιμονίων
1115 3051 1150 3115 δὲ
1170 3051 1222 3116 ἐπὶ
1240 3051 1343 3143 τούτῳ
1359 3053 1453 3120 πόλε-

121 3147 144 3205 C
171 3172 236 3235 μον
256 3151 495 3236 ἐξενεγκάντων,
528 3148 678 3229 ἀπήντων
697 3152 729 3215 οἱ
751 3151 891 3234 Θηβαῖοι
916 3152 967 3217 ἐπί
992 3151 1035 3216 τά
1054 3153 1219 3240 Λεῦκτρα,
1251 3153 1454 3241 αἰσιούμενοι

171 3253 209 3318 τό
221 3253 359 3340 χωρίον,
382 3248 432 3318 δ’τι
447 3252 677 3340 καὶπρότερον
691 3255 840 3334 ἐνταῦθα
859 3251 1159 3341 ἠλευθερώθησαν,
1180 3251 1233 3323 ὅτε
1247 3255 1454 3347 Ἀμφικτύων

171 3352 234 3420 ὑπό
263 3355 433 3421 Σθενέλου
458 3357 564 3444 φυγάς
594 3357 727 3434 ἐλαθεὶς
753 3353 800 3435 εἰς
824 3357 884 3436 τήν
916 3356 1069 3441 Θηβαίων
1093 3357 1226 3446 ἀφίκετο
1252 3361 1365 3444 πόλιν,
1399 3369 1453 3430 καί

173 3456 392 3522 Χαλκιδεῦσιν
417 3456 607 3547 ὑποφόρους
636 3460 765 3543 λαβών,
796 3457 917 3525 ἔπαυσε
942 3460 1001 3525 τόν
1030 3461 1178 3544 δασμόν,
1212 3464 1453 3547 Χαλκώδοντα,

170 3558 386 3642 τὸνβασιλέα
411 3563 475 3626 τών
497 3561 669 3645 Εὐβοέων,
703 3561 904 3640 ἀποκτείνας.
948 3563 1076 3645 Συνέβη
1101 3565 1150 3640 δὲ,
1182 3567 1455 3654 Λακεδαιμονίων

169 3650 271 3741 ἧτταν
292 3666 434 3746 παντελῆ
451 3666 609 3750 γενέσθαι
625 3669 699 3752 περὶ
721 3663 800 3730 αὑτό
815 3665 853 3730 τό
867 3667 980 3749 μνῆμα
996 3666 1061 3730 τών
1072 3665 1240 3733 Σκεδάσου
1253 3672 1455 3760 θυγατέρων.

175 3763 266 3831 Φασὶ
286 3765 322 3831 δέ
344 3767 486 3853 πρὸτῆς
510 3768 617 3855 μάχης
640 3769 827 3859 Πελοπίδῃ,
859 3768 904 3834 ένλ
922 3770 984 3834 τών
1001 3770 1189 3857 στρατηγεῖν
1204 3773 1265 3837 τοὺ
1285 3773 1455 3858 mazzo&

170 3867 426 3957 στρατεύματος,
456 3873 509 3938 ἐπὶ
528 3871 672 3957 σημείοις
690 3876 776 3938 τισὶν
797 3870 837 3938 οὑ
854 3873 960 3948 καλῶς
977 3874 1178 3958 κρινομένοις
1196 3875 1453 3970 θορυβουμένῳ,

119 3972 149 4030 D
174 3972 343 4037 Σκέδασον
367 3973 536 4054 έπιστῆυαι
559 3976 643 4041 κατά
668 3975 743 4052 τούς
767 3970 901 4054 ὑπνους,
934 3973 1076 4062 θαρρεῖν
1101 3975 1288 4043 κελεύοντα·
1314 3984 1454 4069 παραγὶ.

168 4075 292 4139 νεσθαι
310 4076 374 4165 γάρ
394 4072 439 4156 εἰς
451 4078 602 4166 Λεῦκτρα
618 4078 920 4166 Λακεδαιμονίους,
941 4076 1029 4167 αὑτηί
1042 4101 1078 4143 τε
1095 4084 1152 4145 καί
1172 4084 1244 4157 ταῖς
1263 4084 1455 4173 θυγατράσι

169 4365 209 4420 A.
232 4371 259 4423 1.
292 4367 338 4437 ι’γὰ
356 4372 383 4424 δὲ
400 4366 447 4424 οδε
464 4374 561 4443 τήθην]
584 4389 621 4426 ex
639 4388 702 4427 mea
719 4371 900 4444 conjectura.
935 4372 1030 4449 Vulgo
1047 4372 1094 4444 λγέ
1114 4376 1142 4429 δὲ
1153 4379 1243 4446 ἔφθην.

171 4452 209 4511 Α.
231 4461 259 4514 4.
292 4455 349 4514 οόδ
371 4456 467 4537 αὑτοῦ]
485 4458 540 4519 οὑῖ
559 4460 641 4522 αὑτοῦ
657 4461 748 4522 ΑΒΕ.
770 4463 839 4524 Ald.
856 4467 923 4521 Bas·
