3036 4994
452 206 686 280 ΕΡΩΤΙΚΑΙ
701 212 968 277 Arzimneis.
1312 215 1350 280 7⁹

63 397 195 461 cumque
216 371 442 438 consuluissent
462 376 499 439 de
520 372 705 437 liberatione
727 371 798 435 mali
820 370 998 444 oraculum,
1026 369 1117 436 misso
1139 377 1263 438 adeam
1283 394 1349 436 rem

62 480 132 560 ipso
154 478 296 542 Archia:
319 477 479 557 respondit
493 481 583 550 deus,
603 476 680 540 iram
697 498 763 551 esse
779 473 931 555 Neptuni,
951 495 1013 536 non
1026 491 1228 553 cessaturam,
1248 482 1350 542 donec

62 581 238 648 Actaeonis
263 591 391 643 mortem
417 579 650 643 ulciscerentur.
690 583 761 643 Hoc
785 579 837 639 ubi
864 576 984 638 audivit
1003 579 1152 655 Archias,
1182 581 1265 645 ultro
1288 581 1350 646 sihi

63 687 207 749 exsilium
237 706 254 746 a
282 668 437 746 Corintho
467 682 595 756 indixit,
627 696 657 747 et
686 682 717 745 in
745 682 881 744 Siciliam
908 682 1086 764 navigavit,
1115 705 1157 745 ac·
1180 687 1349 765 Syracusas

63 791 214 853 condidit.
262 788 311 851 lbi
332 809 400 848 cuin
422 791 496 848 duas
517 788 596 848 filias
617 788 792 872 genuisset,
826 785 990 866 Ortygiam
1012 800 1041 849 ct
1062 787 1264 864 Syracusam,
1291 812 1348 870 per

63 895 202 956 fraudem
223 914 238 953 a
262 891 402 972 'l'elepho
424 906 548 954 necatus
569 904 630 964 est,
653 914 715 971 quo
727 895 849 952 'abusus
863 894 901 951 ad
915 892 1037 954 l'oedaoa
1051 889 1154 954 fuerat
1172 891 1347 971 libidinem,

62 1011 94 1060 et
114 997 169 1083 qui
188 996 259 1060 navi
280 1000 456 1076 praelectus
478 1015 534 1055 urm
557 994 586 1056 iu
610 995 744 1058 Siciliam
766 996 980 1077 navigaverat.
1047 978 1051 985 ¹

680 1151 742 1213 Ill.

139 1280 265 1360 Pauper
287 1277 411 1358 qnidam
435 1278 548 1351 homo,
577 1277 701 1340 nomine
724 1281 891 1354 Scedasus,
921 1276 1067 1341 Leuctris
1093 1277 1267 1344 habitavit:
1297 1277 1352 1364 qui

63 1394 112 1445 est
127 1381 328 1463 Thespiensis
346 1379 483 1461 regionis
504 1379 634 1461 exiguus
651 1383 748 1445 vicus.
791 1382 890 1445 Filiae
903 1383 976 1445 huic
989 1384 1115 1447 fuerunt
1128 1387 1223 1461 duae,
1243 1385 1351 1467 Hippo

64 1500 95 1549 et
119 1485 264 1549 Miletiae
292 1487 331 1547 ab
358 1484 425 1546 aliis
447 1487 575 1547 'l'heano
604 1497 635 1547 et
660 1487 824 1567 Euexippa
851 1487 1070 1551 nominantur..
1101 1490 1172 1570 Ipse
1199 1492 1350 1553 Scedasus

65 1591 116 1654 vir
145 1602 211 1653 erat
235 1592 334 1651 bouus
361 1602 391 1651 et
416 1588 601 1669 hospitalis:
632 1611 816 1674 quartiquam
842 1591 927 1653 teuui
952 1594 1093 1655 fortuna.
1135 1595 1226 1674 Ergo
1253 1598 1292 1656 ad
1317 1616 1350 1658 se

64 1696 223 1758 venientes
244 1697 321 1755 dnos
342 1695 512 1770 Spartanos
531 1690 660 1774 juvenes
681 1695 812 1756 comiter
831 1693 969 1778 hospitio
991 1696 1133 1778 excepit:
1164 1698 1218 1782 qni
1243 1721 1350 1763 amore
1449 1696 1454 1701 ’

63 1799 234 1881 puellarum
255 1794 409 1876 correpti,
430 1801 542 1859 audere
561 1810 663 1859 tamen
684 1798 802 1879 aliquid
822 1799 962 1861 bonitate
982 1801 1108 1865 Scedasi
1127 1803 1254 1864 fuerunt
1273 1825 1350 1885 pro·

63 1904 165 1966 hibiti.
205 1901 363 1966 Postridie
384 1905 422 1963 ad
443 1902 590 1980 Pythium
611 1903 791 1977 oraculum,
816 1926 879 1986 quo
900 1904 960 1966 iter
980 1903 1192 1979 instituerant,
1214 1908 1351 1988 proiecti

63 2020 156 2071 seint:
182 2028 314 2087 euinque
336 2009 425 2067 deum
446 2009 483 2066 de
504 2005 558 2077 iis,
579 2027 660 2088 quae
681 2018 866 2082 statuerant,
889 2005 1132 2081 consuluissent,
1154 2031 1275 2071 rursum
1295 2032 1352 2089 per

64 2111 229 2179 Boeotiam
259 2112 369 2173 itinere
397 2110 503 2182 lacto,
538 2108 568 2169 in
599 2109 727 2172 Scedasi
756 2112 849 2172 domo
880 2110 1088 2173 diverterunt.
1139 2112 1259 2175 Aberat
1289 2112 1366 2175 tum'

65 2217 212 2281 Leuctris
227 2218 391 2278 Scedasus.
432 2211 512 2292 Ejus
526 2213 622 2288 filiae,
643 2213 723 2275 sicut
738 2225 978 2287 consueverant,
999 2214 1137 2294 hospites
1152 2228 1352 2298 exceperunt.

64 2323 93 2387 li
114 2325 197 2385 solas
217 2319 299 2382 nacti
318 2317 454 2399 puellas,
474 2338 531 2397 per
552 2319 612 2380 vim
636 2317 836 2381 vitiaverunt.
879 2319 1020 2403 Cumque
1043 2340 1093 2381 eas
1114 2319 1353 2393 viderenthane

65 2424 285 2490 contumeliam
301 2422 491 2504 iniquissime
506 2422 605 2496 ferre,
621 2422 799 2484 intersectas
812 2422 842 2484 in
858 2435 980 2502 puteum
997 2426 1145 2508 quendam
1161 2423 1353 2507 abjecerunt,

66 2535 172 2614 itaque
192 2527 411 2591 discesserunt.
452 2529 587 2590 Domum
607 2548 752 2589 reversus
773 2529 941 2604 Scedasus,
964 2528 1042 2590 filias
1060 2551 1208 2612 nusquam
1229 2531 1353 2605 videns,

66 2635 170 2703 orinia
196 2631 271 2706 alia,
299 2654 377 2715 quae
402 2630 588 2711 reliquerat,
616 2632 700 2694 salva
729 2631 904 2705 invenicus,
933 2633 1079 2715 expedire
1108 2656 1141 2697 se
1168 2656 1207 2698 cx
1232 2639 1291 2698 hae
1318 2659 1353 2700 re

66 2740 228 2821 nequibat.
270 2739 405 2798 Tandem
433 2758 508 2799 cane
536 2738 731 2811 mussitante,
758 2749 788 2799 et
816 2737 946 2799 subinde
972 2741 1010 2799 ad
1033 2738 1133 2819 ipsum
1155 2754 1353 2816 accurrente,

67 2862 161 2930 atquc
188 2846 226 2906 ab
257 2842 325 2922 ipso
352 2845 390 2904 ad
420 2854 544 2922 puteum
575 2845 741 2915 redeunte,
771 2841 821 2915 id,
854 2847 940 2922 quod
965 2865 1015 2906 res
1045 2857 1133 2919 erat,
1162 2845 1355 2924 suspicatus,

67 2955 193 3016 inventa
212 2947 258 3010 ihi
278 2948 409 3009 tiliarum
431 2949 583 3008 cadavera
603 2947 757 3008 exhausit.
800 2944 941 3027 Cumque
961 2967 978 3007 e
999 2945 1111 3008 vicinis
1134 2941 1356 3028 cognovisset,

68 3059 155 3121 visos
169 3052 269 3137 pridie
289 3053 384 3114 fuisse
403 3051 435 3113 in
457 3053 580 3112 domurn
597 3050 692 3130 ipsius
704 3051 856 3122 intrantes
870 3050 1136 3113 Lacedaemonios
1150 3071 1217 3124 eos,
1240 3045 1355 3134 quihus

69 3163 162 3228 eiiam
187 3158 305 3240 pridem
330 3153 498 3234 hospitium
521 3154 674 3218 dedisset:
709 3151 859 3234 conjecit,
886 3154 948 3215 hoc
968 3153 1106 3234 ipsorum
1127 3175 1192 3217 esse
1212 3155 1353 3218 facinus:

70 3269 159 3354 quod
178 3276 251 3326 tunc
271 3261 360 3323 etiam
383 3273 532 3340 perpetuo
553 3259 671 3338 puellas
691 3261 885 3335 laudassent,
912 3261 1082 3340 beatosque
1107 3259 1355 3339 praedicassent,

70 3371 186 3455 quibus
216 3387 269 3430 eae
296 3376 446 3446 nupturae
474 3376 587 3426 esseut.
634 3366 725 3447 Ergo
755 3366 897 3443 Spartam
924 3361 1097 3440 contendit,
1125 3365 1263 3445 Ephoris
1290 3389 1356 3429 rem

70 3475 316 3555 significaturus.
367 3467 445 3530 Cum
475 3467 507 3529 in
535 3468 719 3553 Argolicam
750 3467 961 3548 pervenisset,
990 3481 1085 3532 noete
1113 3467 1295 3555 ingruente,
1324 3470 1356 3534 in

72 3570 243 3661 cauponam
269 3576 418 3657 quandam
447 3570 586 3636 divertit.
627 3575 748 3637 Eodem
776 3566 838 3637 tuin
865 3572 950 3636 veuit
976 3570 1067 3636 etiam
1094 3570 1217 3656 quidam
1244 3597 1359 3650 senex,

75 3683 154 3750 Orci
182 3676 399 3746 Hestiaeatidis
430 3674 459 3738 in
489 3659 622 3740 Euboea
652 3675 742 3741 civis.
789 3676 851 3740 Hic
881 3701 949 3740 cnm
981 3676 1197 3760 ingemuisset,
1229 3679 1358 3762 diraque

74 3784 330 3853 Lacedaemoniis
364 3794 444 3845 esset
476 3779 688 3862 imprecatus:
730 3784 882 3845 Scedasus
912 3784 974 3844 hoc
1007 3783 1154 3859 audiens,
1188 3774 1360 3866 quaesivit,

76 3894 220 3980 quidnam
250 3888 321 3954 mali
348 3909 366 3951 a
393 3885 552 3968 Spartanis
579 3884 759 3968 accepisset.
808 3891 889 3951 Turn
919 3909 1014 3951 senex
1042 3887 1085 3954 ita
1114 3910 1180 3952 rem
1208 3886 1358 3952 narravit.

108 4074 328 4089 —n-—-

83 4191 116 4248 C.
141 4199 165 4248 1.
200 4187 328 4260 Εὐξίππη]
348 4190 505 4265 Wyttenh.
529 4210 566 4247 ex
587 4191 645 4250 BE.
671 4191 775 4248 Venet.
796 4191 896 4248 Petav.
918 4191 987 4264 Xyl.
1027 4189 1127 4265 Vulgo
1144 4184 1282 4258 Εὗεξίτπη.

78 4283 111 4340 C.
137 4289 165 4339 5.
200 4285 324 4350 Πυθώδε]
346 4285 409 4343 ΑΕ.
442 4284 544 4361 Vulgo
564 4286 686 4342 Πυθῶδε.

83 4375 122 4430 Ι).
148 4380 171 4430 1.
208 4372 296 4442 αὐτοῦ,
316 4376 470 4450 Wyttenh.
496 4396 511 4433 c
533 4378 589 4434 ΒΕ.
612 4377 679 4438 Ald.
703 4378 767 4433 llas.
786 4376 856 4450 Xyl.
877 4377 954 4434 lllez.
989 4374 1089 4450 Vulgo
1106 4373 1203 4439 αὐτούς.

81 4466 117 4522 D.
144 4474 169 4524 6.
205 4471 367 4541 κνυζωμένης]
391 4472 419 4528 Α
442 4474 489 4538 (in
510 4491 567 4548 quo
586 4495 604 4526 o
625 4475 758 4537 erasum)
781 4470 838 4531 ΒΕ.
874 4470 973 4545 Vulgo
994 4471 1148 4540 vvvtopdrqr.
1182 4468 1250 4530 Bas.
1271 4471 1331 4536 σκυζ
1347 4498 1361 4512 -

254 4569 279 4616 dv
309 4605 315 4618 .

84 4656 108 4712 Ε
141 4658 166 4713 3.
209 4586 471 4730 iiiiiiaachyttenh.
492 4660 598 4715 addere
617 4658 678 4715 vult
696 4656 751 4714 οὖν.
