3036 4994
177 216 218 282 w
654 206 990 279 HAOYTAPXOY

255 374 321 461 νβ’.
355 371 543 460 Ἀφθοτίας
563 373 598 438 δέ
617 368 887 456 παραδειγμάτων
909 369 1008 451 ούσης
1029 366 1111 457 πρός
1128 393 1164 455 γε
1187 369 1271 454 ύμάς
1290 369 1364 448 τούς
1384 369 1468 456 όμο-

178 475 296 568 χόρους
314 480 372 544 τοῦ
388 473 473 544 θεοῦ
491 479 548 542 καί
565 471 751 553 θιασώτας,
779 469 867 559 ὅμως
885 474 924 540 τό
943 475 1018 562 περὶ
1036 471 1185 558 Κάμμαν
1207 473 1264 539 οῦκ
1284 472 1375 555 άξιόν
1396 475 1468 540 ἐστι

177 582 238 663 τὴν
256 579 445 660 Γαλατικὴν
464 578 656 666 παρελθεῖν.
697 576 824 658 Ταύτης
838 577 901 666 γάρ
917 574 1173 663 ἐκπρεπεστάτης
1191 577 1251 658 τὴν
1272 576 1352 666 όφιν
1370 601 1466 667 γενο-

176 688 292 771 μένης,
314 682 441 773 Σινάτφ
459 683 494 746 δέ
513 681 557 771 τῷ
574 678 729 772 τετράρχῃ
747 680 967 767 γαμηθείσης,
987 677 1121 766 Σινόριξ
1132 681 1301 767 ἐρασθεὶς,
1321 680 1467 747 δυνατῶ-

178 812 276 867 τατος
293 787 467 864 Γαλατῶν,
486 783 648 849 ἀπέκτεινε
664 784 722 848 τόν
738 783 897 863 Σίνατον,
914 781 955 860 ὡς
972 780 1044 849 ούτε
1062 782 1252 866 βιάσασθαι
1272 783 1465 871 δυνάμενος,

128 900 152 957 C
179 890 250 956 ούτε
270 893 382 956 πεῖσαι
402 888 462 969 τὴν
481 885 678 975 ἄνθρωπον,
708 885 828 953 ἐκείνου
847 887 972 967 ζῶντος.
1007 877 1069 952 ’Ἠν
1094 887 1129 952 δέ
1154 887 1194 978 τῇ
1211 886 1337 979 Κάμμῃ
1361 911 1466 954 κατα-

178 991 266 1079 φνγὴ
285 995 342 1058 καὶ
360 987 562 1076 παραμυθία
581 992 640 1056 τοῦ
658 988 809 1069 πάθους,
837 989 992 1079 ἱερωσύνη
1011 993 1161 1080 πατρῷος
1176 990 1376 1078 Ἀρτέμιδος·
1406 997 1466 1060 καὶ

178 1094 338 1162 τὰπολλὰ
354 1092 446 1182 παρά
465 1094 505 1184 τῇ
518 1094 590 1184 θεῷ
602 1095 773 1181 διέτριβεν,
793 1093 910 1160 οὐδένα
923 1095 1129 1182 προσιεμένη,
1148 1097 1321 1178 μνωμένων
1333 1096 1467 1162 πολλῶν

170 1199 339 1285 ,βασιλέων
363 1201 419 1264 καὶ
446 1197 613 1263 δυναστῶν
637 1199 751 1279 ἀύτὴν.
806 1199 874 1263 Τοῦ
901 1200 1012 1283 μέντοι
1039 1195 1211 1286 Σινόριγος
1239 1196 1467 1284 τολμὴσαντος

178 1303 316 1389 ἐντυχεῖν
333 1303 405 1389 περὶ
420 1297 547 1386 γάμου,
573 1300 633 1380 τὴυ
648 1304 765 1420 πεῖραν
784 1298 842 1367 οῦκ
861 1297 997 1390 ἔφυγεν,
1015 1298 1137 1367 ούδὲ’
1121 1303 1288 1393 εμέμφατο
1306 1305 1380 1389 περι
1399 1305 1467 1370 τῶν

177 1403 370 1492 γεγονότων,
399 1401 441 1481 ῶς
460 1403 502 1469 δι’
524 1403 653 1469 εύνοιαν
671 1401 847 1482 αὐτοῖςκαὶ
869 1403 999 1482 πόθον,
1026 1405 1085 1471 ούκ
1104 1405 1186 1498 άλλη
1206 1409 1269 1472 τινί
1285 1406 1465 1531 μοχθηρία

176 1507 420 1628 προαχθέντος
427 1507 486 1570 τοῦ
514 1501 695 1592 Σινόριγος.
736 1492 835 1568 ‘Hm
859 1492 918 1569 οῦν
943 1504 1119 1586 πιστεύσας
1146 1509 1283 1592 ἐκεῖνος,
1312 1511 1370 1574 καὶ
1393 1507 1466 1600 ᾔτει

177 1610 235 1675 τόν
256 1607 374 1692 γάμον·
403 1604 425 1685 ἡ
450 1604 534 1671 δὲ’
514 1603 698 1686 απὴντησε,
727 1606 784 1669 καὶ
809 1601 1025 1690 δεξιωσαμένη
1052 1614 1109 1675 καὶ
1134 1613 1393 1730 προσαγαγοῦσα
1419 1613 1466 1676 τῶ

127 1718 155 1777 D
178 1711 279 1800 βωμῶ
296 1711 352 1790 τὴς
370 1705 523 1789 θεάς,”
504 1727 650 1775 ισπεισευ
666 1708 702 1773 έκ
720 1705 842 1831 φιάλης
863 1707 1124 1831 μελίκρατον,“
1104 1737 1145 1791 ως
1164 1709 1261 1792 ἔοικε,
1287 1736 1467 1800 πεφαρμα-

179 1814 340 1899 κωμένον·
371 1834 441 1878 ειτα
473 1807 555 1877 όσον
579 1804 679 1895 ἡμισυ
705 1812 805 1899 μέρος
833 1811 915 1894 αύτὴ
945 1818 1180 1902 προεκπιοῦσα,
1220 1818 1387 1903 παρέδωκε
1420 1819 1467 1884 τῶ

180 1915 365 2010 Γαλάτη
332 1940 369 1983 το
388 1911 517 1983 λοιπόν·
547 1911 590 1992 ῶς
611 1915 647 1981 δέ
667 1903 787 1980 εἷδεν’
770 1915 996 1998 εκπεπωκότα,
1023 1917 1174 2007 λαμπρόν
1192 1915 1385 2000 άνωλόλυξε,
1406 1925 1467 1987 καὶ

182 2021 393 2113 φθεγξαμένη
412 2019 556 2107 τούνομα
574 2041 631 2084 του
616 2019 842 2119 τεθνεῶτος,
875 2019 1017 2102 Ταύτην,
1044 2009 1144 2101 εἶπεν,
1173 2020 1234 2106 έγῶ
1250 2022 1310 2101 τὴν
1326 2020 1466 2146 ἡμέραν,

183 2153 209 2195 ω
195 2116 398 2220 φίλτατε”
376 2147 472 2215 ανερ,
490 2124 718 2214 προσμένουσα
737 2125 800 2190 σοῦ
813 2130 911 2249 χωρὶς
925 2122 1042 2206 ἔζων
1022 2124 1176 2212 ανιαρῶς·
1193 2125 1252 2189 νῦν
1271 2125 1306 2190 δέ
1291 2124 1467 2208 έκόμισαί

183 2257 224 2319 με
241 2230 378 2351 χαίρων
406 2227 576 2317 ἠμυνάμην
593 2225 656 2316 γάρ
673 2224 752 2317 ὑπὲρ
771 2230 833 2294 σοῦ
850 2231 909 2294 τόν
926 2227 1080 2295 κάκιστον
1098 2225 1297 2316 ἀνθρώπων,
1327 2231 1382 2292 σοι
1400 2235 1467 2310 μέν

181 2337 270 2423 βίον,
289 2334 388 2425 τούτῳ
401 2335 444 2400 δέ
457 2328 609 2397 θανάτου
623 2332 777 2429 κοινωνὸς
792 2330 893 2413 ἡδέως
905 2334 1072 2418 γενομένη.
1115 2329 1156 2398 ‘O
1174 2336 1234 2416 μέν
1251 2317 1309 2397 οῦν
1329 2328 1467 2416 Σινόριξ

181 2441 217 2506 έν
234 2437 357 2562 φορείῳ
381 2433 602 2519 κομιζόμενος,
630 2433 719 2516 μετά
740 2434 858 2521 μικρόν
879 2434 1094 2516 ἐτελεύτησεν
1121 2433 1202 2516 ἡδὲ
1222 2433 1372 2518 Κάμμα,
1402 2433 1476 2522 τὴν

131 2557 156 2615 Ε
180 2541 305 2627 ἡμέραν
326 2538 527 2624 ἐπιβιώσασα
541 2538 598 2603 καί
613 2535 671 2616 τὴν
685 2534 799 2617 νύκτα,
825 2538 950 2621 λέγεται
964 2537 1057 2621 μάλα
1074 2536 1247 2625 εὐθαρσῶς
1270 2542 1327 2602 καί
1344 2539 1466 2623 ἱλαρῶς

70 2690 74 2697 -
182 2643 376 2712 ἅποθανεῐν.

257 2787 317 2874 κγ’.
352 2789 492 2856 Πολλῶν
510 2788 545 2857 δέ
564 2783 715 2853 τοιούτων
736 2780 916 2870 γεγονότων
937 2784 994 2848 καὶ
1016 2779 1092 2871 παρ’
1110 2779 1190 2865 ἡμῖν
1211 2784 1269 2847 καὶ
1287 2781 1378 2868 παρά
1396 2791 1471 2864 τοῖς

181 2890 377 2982 βαρβάροις,
396 2892 443 2970 τίς
455 2877 630 2976 ἀνάσχοιτο
648 2890 712 2956 τῶν
730 2889 790 2969 τὴν
805 2887 1006 2978 Ἀφροδίτην
1020 2883 1271 2972 λοιδορούντων,
1290 2882 1468 2974 ῶςἜρωτι

182 2999 392 3084 προσθεμένη
421 2999 478 3063 καὶ
503 2995 656 3080 παροῦσα
685 2990 797 3059 κωλύει
826 2988 942 3080 φιλίαν
970 2991 1155 3078 γενέσθαι,·
1197 2989 1265 3069 Τὴν
1291 2995 1351 3074 μέν
1381 2992 1468 3076 πρός

182 3099 305 3191 άῤῥενα
324 3098 455 3191 άρῥενος
473 3095 623 3182 ὁμιλίαν,
654 3096 779 3181 μᾶλλον
801 3097 836 3161 δὲ
855 3094 1017 3186 ἀκρασίαν
1035 3096 1092 3160 καὶ
1110 3089 1303 3173 ἐπιπήδησιν
1317 3092 1401 3158 εἴποι
1417 3118 1467 3172 τις

183 3200 226 3270 ἂν
244 3201 413 3284 έννοὴσας,
468 3284 471 3289 ⁴

366 3323 481 3415 Ὕβρις
498 3323 568 3392 τάδ’
589 3325 649 3413 οῦχ
665 3323 687 3408 ἡ
705 3323 833 3416 Κύπρις
853 3323 1058 3414 ἐξεργάζεται

183 3458 241 3527 Διό
266 3455 340 3534 τούς
362 3458 424 3538 μὲν
447 3452 626 3539 ἡδομένους
651 3454 696 3544 τῶ
720 3453 854 3539 πάσχειν
879 3448 925 3530 είς
945 3453 983 3519 τό
1001 3453 1163 3542 χείριστον
1188 3454 1352 3537 τιθέμενοι
1373 3457 1466 3536 γένος

133 3573 157 3634 F
183 3560 314 3637 κακίας,
341 3555 413 3622 σύτε
431 3555 567 3632 πίστεως
584 3558 725 3643 μοῖραν,
751 3555 822 3623 οὔτε
842 3552 972 3638 αἰδοῦς,
998 3556 1069 3624 οὔτε
1089 3557 1202 3646 φιλίας
1220 3559 1370 3644 νέμομεν,
1393 3554 1464 3623 ἀλλ’

98 3756 101 3763 ι
185 3665 228 3745 ὡς
245 3661 381 3743 άληθῶς
400 3659 483 3726 κατά
503 3658 561 3725 τόν
580 3661 773 3749 Σοφοκλέα,

382 3787 491 3854 Φίλων
509 3783 663 3853 τοιούτων
683 3788 793 3873 οἱμὲν
812 3788 1014 3876 ἐστερημένοι

376 3891 575 3977 Χαίροοσιν,
595 3892 628 3956 οἱ
648 3890 676 3953 δ
696 3887 819 3976 ἔχοντες
838 3889 984 3976 εὔχονται
1003 3894 1127 3978 φυγεῖν.

182 4064 434 4085 μ

184 4166 218 4226 Β.
241 4170 267 4223 δ.
302 4158 461 4238 όμοχόρους]
478 4162 636 4238 Wyttenb.
655 4181 670 4220 e
689 4163 803 4222 Schott.
837 4163 933 4239 Vulgo
951 4163 1105 4238 ὁμοχόρους.

184 4260 221 4320 Β.
243 4263 269 4318 5.
303 4255 436 4335 Κάμμαν]
453 4257 584 4332 Xyland.
601 4258 725 4332 Κάμιμαν
741 4259 803 4316 ΒΕ.
820 4258 888 4317 Ald.
907 4257 976 4317 Bas.

185 4354 221 4414 Β.
244 4359 270 4410 ό.
305 4348 520 4431 έιπρεπεοτάτης]
543 4351 603 4411 ΒΕ.
627 4351 696 4408 Ald.
717 4352 783 4408 Bas.
818 4350 914 4424 Vulgo
930 4347 1131 4426 εύπρεπεστάτηα

184 4446 222 4505 Β.
245 4455 271 4505 7.
305 4451 332 4504 δέ
350 4448 384 4516 τῷ
399 4444 538 4520 τετράρχῃ]
563 4445 623 4503 ΒΕ.
658 4445 753 4520 Vulgo
771 4449 798 4502 δὲ
815 4443 950 4518 τετράρχην.

186 4541 221 4602 Β.
245 4547 272 4601 8.
306 4540 445 4608 Γαλατῶν]
466 4540 554 4594 omisi
570 4540 619 4594 τῶν
635 4549 702 4595 ante
720 4540 842 4594 Γαλατῶν
859 4556 927 4596 cum
943 4539 1005 4600 BE.
1024 4537 1093 4595 Ald.

185 4638 218 4699 C.
241 4643 268 4696 1.
301 4636 333 4711 τγ]
350 4634 464 4706 Κάμμῃ]
487 4634 518 4711 vj,
535 4637 643 4705 Καμέμη
659 4633 727 4692 Ald.
747 4632 816 4692 Bas,
835 4632 898 4690 BE.

86 4690 127 4712 h..
