<?xml version="1.0" encoding="UTF-8"?>
<!DOCTYPE html PUBLIC "-//W3C//DTD XHTML 1.0 Transitional//EN"
    "http://www.w3.org/TR/xhtml1/DTD/xhtml1-transitional.dtd">
<html xmlns="http://www.w3.org/1999/xhtml" xml:lang="en" lang="en">
 <head>
  <title>
</title>
<meta http-equiv="Content-Type" content="text/html;charset=utf-8" />
  <meta name='ocr-system' content='tesseract 3.04.00' />
  <meta name='ocr-capabilities' content='ocr_page ocr_carea ocr_par ocr_line ocrx_word'/>
</head>
<body>
  <div class='ocr_page' id='page_1' title='image "./plutarchierotic00xylagoog_0059.png"; bbox 0 0 3036 4994; ppageno 0'>
   <div class='ocr_carea' id='block_1_1' title="bbox 157 145 975 223">
    <p class='ocr_par' dir='ltr' id='par_1_1' title="bbox 157 145 975 223">
     <span class='ocr_line' id='line_1_1' title="bbox 157 145 975 223; baseline -0.006 0"><span class='ocrx_word' id='word_1_1' title='bbox 157 145 199 223; x_wconf 70' lang='lat'><strong><em>&#39;38</em></strong></span> <span class='ocrx_word' id='word_1_2' title='bbox 641 148 975 218; x_wconf 77' lang='grc' dir='ltr'><strong><em>ΠΛΟΥΤΛΡΧΟΧ</em></strong></span> 
     </span>
    </p>
   </div>
   <div class='ocr_carea' id='block_1_2' title="bbox 113 300 1463 1335">
    <p class='ocr_par' dir='ltr' id='par_1_2' title="bbox 113 300 1463 1335">
     <span class='ocr_line' id='line_1_2' title="bbox 162 300 1459 405; baseline 0 -25"><span class='ocrx_word' id='word_1_3' title='bbox 162 313 270 405; x_wconf 78' lang='grc' dir='ltr'><strong><em>άγορᾴ</em></strong></span> <span class='ocrx_word' id='word_1_4' title='bbox 292 314 482 392; x_wconf 81' lang='grc' dir='ltr'><strong><em>Χαλκιδεῖς,</em></strong></span> <span class='ocrx_word' id='word_1_5' title='bbox 516 311 565 404; x_wconf 78' lang='grc' dir='ltr'><strong><em>ἐφ’</em></strong></span> <span class='ocrx_word' id='word_1_6' title='bbox 595 302 635 379; x_wconf 78' lang='grc' dir='ltr'><strong><em>οὗ</em></strong></span> <span class='ocrx_word' id='word_1_7' title='bbox 660 311 754 400; x_wconf 86' lang='grc' dir='ltr'><strong><em>μέχρι</em></strong></span> <span class='ocrx_word' id='word_1_8' title='bbox 777 313 836 376; x_wconf 82' lang='grc' dir='ltr'><strong><em>νῦν</em></strong></span> <span class='ocrx_word' id='word_1_9' title='bbox 862 311 1002 398; x_wconf 82' lang='grc' dir='ltr'><strong><em>ὁμέγας</em></strong></span> <span class='ocrx_word' id='word_1_10' title='bbox 1027 310 1184 402; x_wconf 87' lang='grc' dir='ltr'><strong><em>ἐφέστηκε</em></strong></span> <span class='ocrx_word' id='word_1_11' title='bbox 1210 300 1311 378; x_wconf 78' lang='grc' dir='ltr'><strong><em>κίων·</em></strong></span> <span class='ocrx_word' id='word_1_12' title='bbox 1348 312 1459 381; x_wconf 82' lang='grc' dir='ltr'><strong><em>καδτί</em></strong></span> 
     </span>
     <span class='ocr_line' id='line_1_3' title="bbox 160 406 1460 506; baseline -0.001 -22"><span class='ocrx_word' id='word_1_13' title='bbox 160 416 402 505; x_wconf 71' lang='grc' dir='ltr'><strong><em>παιδεραστείή</em></strong></span> <span class='ocrx_word' id='word_1_14' title='bbox 410 406 569 506; x_wconf 76' lang='grc' dir='ltr'><strong><em>πρότερον</em></strong></span> <span class='ocrx_word' id='word_1_15' title='bbox 587 416 623 481; x_wconf 84' lang='grc' dir='ltr'><strong><em>έν</em></strong></span> <span class='ocrx_word' id='word_1_16' title='bbox 639 414 736 505; x_wconf 79' lang='grc' dir='ltr'><strong><em>ψόγῳ</em></strong></span> <span class='ocrx_word' id='word_1_17' title='bbox 755 417 939 499; x_wconf 84' lang='grc' dir='ltr'><strong><em>τιθέμενοι,</em></strong></span> <span class='ocrx_word' id='word_1_18' title='bbox 959 414 1032 481; x_wconf 84' lang='grc' dir='ltr'><strong><em>τότε</em></strong></span> <span class='ocrx_word' id='word_1_19' title='bbox 1052 417 1178 501; x_wconf 81' lang='grc' dir='ltr'><strong><em>μάλλον</em></strong></span> <span class='ocrx_word' id='word_1_20' title='bbox 1198 416 1323 505; x_wconf 79' lang='grc' dir='ltr'><strong><em>ἐτέρων</em></strong></span> <span class='ocrx_word' id='word_1_21' title='bbox 1337 414 1460 503; x_wconf 66' lang='grc' dir='ltr'><strong><em>ἠγάπη-</em></strong></span> 
     </span>
     <span class='ocr_line' id='line_1_4' title="bbox 161 517 1460 606; baseline 0 -19"><span class='ocrx_word' id='word_1_22' title='bbox 161 542 227 587; x_wconf 91' lang='grc' dir='ltr'><strong><em>σαν</em></strong></span> <span class='ocrx_word' id='word_1_23' title='bbox 248 527 306 588; x_wconf 82' lang='grc' dir='ltr'><strong><em>καλ</em></strong></span> <span class='ocrx_word' id='word_1_24' title='bbox 326 519 493 606; x_wconf 76' lang='grc' dir='ltr'><strong><em>ἐτίμησαν.</em></strong></span> <span class='ocrx_word' id='word_1_25' title='bbox 527 518 754 606; x_wconf 76' lang='grc' dir='ltr'><strong><em>Ἀριστοτέλης</em></strong></span> <span class='ocrx_word' id='word_1_26' title='bbox 775 520 811 584; x_wconf 85' lang='grc' dir='ltr'><strong><em>δέ</em></strong></span> <span class='ocrx_word' id='word_1_27' title='bbox 830 520 888 584; x_wconf 86' lang='grc' dir='ltr'><strong><em>τόν</em></strong></span> <span class='ocrx_word' id='word_1_28' title='bbox 906 525 965 604; x_wconf 81' lang='grc' dir='ltr'><strong><em>μέν</em></strong></span> <span class='ocrx_word' id='word_1_29' title='bbox 980 517 1176 605; x_wconf 71' lang='grc' dir='ltr'><strong><em>Κλεόμαχον</em></strong></span> <span class='ocrx_word' id='word_1_30' title='bbox 1195 517 1307 598; x_wconf 84' lang='grc' dir='ltr'><strong><em>άλλως</em></strong></span> <span class='ocrx_word' id='word_1_31' title='bbox 1325 518 1460 587; x_wconf 78' lang='grc' dir='ltr'><strong><em>ἀποθα-</em></strong></span> 
     </span>
     <span class='ocr_line' id='line_1_5' title="bbox 161 621 1461 717; baseline 0 -26"><span class='ocrx_word' id='word_1_32' title='bbox 161 630 231 692; x_wconf 81' lang='grc' dir='ltr'><strong><em>νεῖν</em></strong></span> <span class='ocrx_word' id='word_1_33' title='bbox 251 647 350 717; x_wconf 87' lang='grc' dir='ltr'><strong><em>φησι,</em></strong></span> <span class='ocrx_word' id='word_1_34' title='bbox 375 622 583 711; x_wconf 71' lang='grc' dir='ltr'><strong><em>κρατήσαντα</em></strong></span> <span class='ocrx_word' id='word_1_35' title='bbox 602 623 666 689; x_wconf 89' lang='grc' dir='ltr'><strong><em>τῶν</em></strong></span> <span class='ocrx_word' id='word_1_36' title='bbox 682 621 869 710; x_wconf 75' lang='grc' dir='ltr'><strong><em>Ἐρετριέων</em></strong></span> <span class='ocrx_word' id='word_1_37' title='bbox 888 624 927 714; x_wconf 79' lang='grc' dir='ltr'><strong><em>τῇ</em></strong></span> <span class='ocrx_word' id='word_1_38' title='bbox 946 621 1051 714; x_wconf 79' lang='grc' dir='ltr'><strong><em>μάχη·</em></strong></span> <span class='ocrx_word' id='word_1_39' title='bbox 1078 624 1137 688; x_wconf 88' lang='grc' dir='ltr'><strong><em>τὸν</em></strong></span> <span class='ocrx_word' id='word_1_40' title='bbox 1159 622 1194 688; x_wconf 77' lang='grc' dir='ltr'><strong><em>δέ</em></strong></span> <span class='ocrx_word' id='word_1_41' title='bbox 1213 621 1280 689; x_wconf 83' lang='grc' dir='ltr'><strong><em>ίιπό</em></strong></span> <span class='ocrx_word' id='word_1_42' title='bbox 1300 626 1368 689; x_wconf 78' lang='grc' dir='ltr'><strong><em>τοῦ</em></strong></span> <span class='ocrx_word' id='word_1_43' title='bbox 1390 624 1461 712; x_wconf 72' lang='grc' dir='ltr'><strong><em>ἐρα·</em></strong></span> 
     </span>
     <span class='ocr_line' id='line_1_6' title="bbox 163 724 1461 817; baseline 0 -24"><span class='ocrx_word' id='word_1_44' title='bbox 163 732 263 816; x_wconf 80' lang='grc' dir='ltr'><strong><em>μόνον</em></strong></span> <span class='ocrx_word' id='word_1_45' title='bbox 284 730 486 817; x_wconf 75' lang='grc' dir='ltr'><strong><em>φιληθέντα,</em></strong></span> <span class='ocrx_word' id='word_1_46' title='bbox 512 729 575 794; x_wconf 83' lang='grc' dir='ltr'><strong><em>τῶν</em></strong></span> <span class='ocrx_word' id='word_1_47' title='bbox 595 725 662 793; x_wconf 86' lang='grc' dir='ltr'><strong><em>άπὸ</em></strong></span> <span class='ocrx_word' id='word_1_48' title='bbox 684 724 815 817; x_wconf 79' lang='grc' dir='ltr'><strong><em>Θρᾴκης</em></strong></span> <span class='ocrx_word' id='word_1_49' title='bbox 837 727 1027 791; x_wconf 79' lang='grc' dir='ltr'><strong><em>Χαλκιδέων</em></strong></span> <span class='ocrx_word' id='word_1_50' title='bbox 1050 727 1228 811; x_wconf 84' lang='grc' dir='ltr'><strong><em>γενέσθαι,</em></strong></span> <span class='ocrx_word' id='word_1_51' title='bbox 1256 728 1461 816; x_wconf 70' lang='grc' dir='ltr'><strong><em>πεμφθέντα</em></strong></span> 
     </span>
     <span class='ocr_line' id='line_1_7' title="bbox 164 824 1462 920; baseline -0.002 -22"><span class='ocrx_word' id='word_1_52' title='bbox 164 836 233 909; x_wconf 82' lang='grc' dir='ltr'><strong><em>τοῖς</em></strong></span> <span class='ocrx_word' id='word_1_53' title='bbox 251 833 285 898; x_wconf 82' lang='grc' dir='ltr'><strong><em>ἐν</em></strong></span> <span class='ocrx_word' id='word_1_54' title='bbox 303 829 428 920; x_wconf 80' lang='grc' dir='ltr'><strong><em>Εὐβοίῳ</em></strong></span> <span class='ocrx_word' id='word_1_55' title='bbox 449 830 666 896; x_wconf 78' lang='grc' dir='ltr'><strong><em>Χαλκιδεῦσιν</em></strong></span> <span class='ocrx_word' id='word_1_56' title='bbox 684 829 870 919; x_wconf 82' lang='grc' dir='ltr'><strong><em>ἐπίκουρον·</em></strong></span> <span class='ocrx_word' id='word_1_57' title='bbox 900 824 985 895; x_wconf 79' lang='grc' dir='ltr'><strong><em>ὅθεν</em></strong></span> <span class='ocrx_word' id='word_1_58' title='bbox 1004 828 1151 920; x_wconf 79' lang='grc' dir='ltr'><strong><em>ᾅδεσθαι</em></strong></span> <span class='ocrx_word' id='word_1_59' title='bbox 1168 829 1263 917; x_wconf 81' lang='grc' dir='ltr'><strong><em>παρά</em></strong></span> <span class='ocrx_word' id='word_1_60' title='bbox 1283 836 1361 909; x_wconf 83' lang='grc' dir='ltr'><strong><em>τοῖς</em></strong></span> <span class='ocrx_word' id='word_1_61' title='bbox 1375 831 1462 898; x_wconf 83' lang='grc' dir='ltr'><strong><em>Χαλ·</em></strong></span> 
     </span>
     <span class='ocr_line' id='line_1_8' title="bbox 167 937 1463 1022; baseline -0.002 -21"><span class='ocrx_word' id='word_1_62' title='bbox 167 937 324 1022; x_wconf 79' lang='grc' dir='ltr'><strong><em>κιδεῦσιν,</em></strong></span> <span class='ocrx_word' id='word_1_63' title='bbox 1460 942 1463 947; x_wconf 81' lang='grc'><em>’</em></span> 
     </span>
     <span class='ocr_line' id='line_1_9' title="bbox 354 1029 1305 1125; baseline -0.005 -18"><span class='ocrx_word' id='word_1_64' title='bbox 354 1029 394 1107; x_wconf 76' lang='grc' dir='ltr'><em>Ὠ</em></span> <span class='ocrx_word' id='word_1_65' title='bbox 406 1038 535 1118; x_wconf 79' lang='grc' dir='ltr'><strong><em>παῖδες,</em></strong></span> <span class='ocrx_word' id='word_1_66' title='bbox 556 1033 593 1103; x_wconf 78' lang='grc' dir='ltr'><strong><em>οἳ</em></strong></span> <span class='ocrx_word' id='word_1_67' title='bbox 601 1037 741 1125; x_wconf 78' lang='grc' dir='ltr'><strong><em>χαρίτων</em></strong></span> <span class='ocrx_word' id='word_1_68' title='bbox 755 1060 787 1104; x_wconf 87' lang='grc' dir='ltr'><strong><em>τε</em></strong></span> <span class='ocrx_word' id='word_1_69' title='bbox 801 1040 857 1102; x_wconf 83' lang='grc' dir='ltr'><strong><em>καί</em></strong></span> <span class='ocrx_word' id='word_1_70' title='bbox 870 1038 1018 1124; x_wconf 86' lang='grc' dir='ltr'><strong><em>πατέρων</em></strong></span> <span class='ocrx_word' id='word_1_71' title='bbox 1031 1033 1132 1122; x_wconf 78' lang='grc' dir='ltr'><strong><em>λάχετ’</em></strong></span> <span class='ocrx_word' id='word_1_72' title='bbox 1154 1034 1289 1102; x_wconf 79' lang='grc' dir='ltr'><strong><em>ἐσθλῶν</em></strong></span> <span class='ocrx_word' id='word_1_73' title='bbox 1294 1085 1305 1118; x_wconf 90' lang='grc'><strong><em>,</em></strong></span> 
     </span>
     <span class='ocr_line' id='line_1_10' title="bbox 362 1137 1084 1231; baseline -0.004 -24"><span class='ocrx_word' id='word_1_74' title='bbox 362 1142 422 1222; x_wconf 78' lang='grc' dir='ltr'><strong><em>Μι)</em></strong></span> <span class='ocrx_word' id='word_1_75' title='bbox 443 1140 605 1231; x_wconf 75' lang='grc' dir='ltr'><strong><em>φθονεῖθ’</em></strong></span> <span class='ocrx_word' id='word_1_76' title='bbox 627 1137 714 1226; x_wconf 83' lang='grc' dir='ltr'><strong><em>άίρας</em></strong></span> <span class='ocrx_word' id='word_1_77' title='bbox 732 1139 915 1225; x_wconf 88' lang='grc' dir='ltr'><strong><em>άγαθοῖσιν</em></strong></span> <span class='ocrx_word' id='word_1_78' title='bbox 936 1140 1084 1225; x_wconf 78' lang='grc' dir='ltr'><strong><em>ὁμιλίαν·</em></strong></span> 
     </span>
     <span class='ocr_line' id='line_1_11' title="bbox 113 1242 1091 1335; baseline -0.004 -22"><span class='ocrx_word' id='word_1_79' title='bbox 113 1255 138 1313; x_wconf 87' lang='grc' dir='ltr'><strong>Β</strong></span> <span class='ocrx_word' id='word_1_80' title='bbox 360 1247 429 1312; x_wconf 82' lang='grc' dir='ltr'><strong><em>Σίν</em></strong></span> <span class='ocrx_word' id='word_1_81' title='bbox 448 1246 511 1334; x_wconf 91' lang='grc' dir='ltr'><strong><em>γάρ</em></strong></span> <span class='ocrx_word' id='word_1_82' title='bbox 535 1245 670 1335; x_wconf 81' lang='grc' dir='ltr'><strong><em>ἀνδρείῳ</em></strong></span> <span class='ocrx_word' id='word_1_83' title='bbox 689 1249 746 1311; x_wconf 84' lang='grc' dir='ltr'><strong><em>καὶ</em></strong></span> <span class='ocrx_word' id='word_1_84' title='bbox 765 1242 784 1309; x_wconf 87' lang='grc' dir='ltr'><strong>ὁ</strong></span> <span class='ocrx_word' id='word_1_85' title='bbox 804 1245 973 1327; x_wconf 78' lang='grc' dir='ltr'><strong><em>λυσιμελὴς</em></strong></span> <span class='ocrx_word' id='word_1_86' title='bbox 986 1243 1091 1332; x_wconf 85' lang='grc' dir='ltr'><strong><em>Ἔρως</em></strong></span> 
     </span>
    </p>
   </div>
   <div class='ocr_carea' id='block_1_3' title="bbox 359 1346 1507 1453">
    <p class='ocr_par' dir='ltr' id='par_1_3' title="bbox 359 1346 1507 1453">
     <span class='ocr_line' id='line_1_12' title="bbox 359 1346 1507 1453; baseline -0.009 -38"><span class='ocrx_word' id='word_1_87' title='bbox 359 1347 434 1415; x_wconf 83' lang='grc' dir='ltr'><strong><em>Ἐπὶ</em></strong></span> <span class='ocrx_word' id='word_1_88' title='bbox 456 1350 647 1415; x_wconf 81' lang='grc' dir='ltr'><strong><em>Χαλκιδέων</em></strong></span> <span class='ocrx_word' id='word_1_89' title='bbox 667 1347 788 1413; x_wconf 88' lang='grc' dir='ltr'><strong><em>θάλλει</em></strong></span> <span class='ocrx_word' id='word_1_90' title='bbox 808 1346 950 1412; x_wconf 85' lang='grc' dir='ltr'><strong><em>πόλεσιν.</em></strong></span> <span class='ocrx_word' id='word_1_91' title='bbox 1502 1402 1507 1453; x_wconf 55' lang='grc' dir='ltr'>Ι</span> 
     </span>
    </p>
   </div>
   <div class='ocr_carea' id='block_1_4' title="bbox 117 1467 1509 2288">
    <p class='ocr_par' dir='ltr' id='par_1_4' title="bbox 160 1467 1509 2182">
     <span class='ocr_line' id='line_1_13' title="bbox 160 1467 1508 1568; baseline 0.003 -24"><span class='ocrx_word' id='word_1_92' title='bbox 160 1478 287 1544; x_wconf 70' lang='grc' dir='ltr'><strong><em>Ἄντων</em></strong></span> <span class='ocrx_word' id='word_1_93' title='bbox 308 1467 349 1557; x_wconf 73' lang='grc' dir='ltr'><strong><em>ἦν</em></strong></span> <span class='ocrx_word' id='word_1_94' title='bbox 368 1477 474 1561; x_wconf 77' lang='grc' dir='ltr'><strong><em>ὄνομα</em></strong></span> <span class='ocrx_word' id='word_1_95' title='bbox 493 1480 539 1567; x_wconf 80' lang='grc' dir='ltr'><strong><em>τῳί</em></strong></span> <span class='ocrx_word' id='word_1_96' title='bbox 558 1477 691 1568; x_wconf 78' lang='grc' dir='ltr'><strong><em>ἐραστῇ,</em></strong></span> <span class='ocrx_word' id='word_1_97' title='bbox 719 1476 765 1566; x_wconf 80' lang='grc' dir='ltr'><strong><em>τῳ</em></strong></span> <span class='ocrx_word' id='word_1_98' title='bbox 784 1475 819 1540; x_wconf 79' lang='grc' dir='ltr'><strong><em>δέ</em></strong></span> <span class='ocrx_word' id='word_1_99' title='bbox 838 1475 984 1566; x_wconf 89' lang='grc' dir='ltr'><strong><em>έρωμένῳ</em></strong></span> <span class='ocrx_word' id='word_1_100' title='bbox 1008 1472 1176 1556; x_wconf 77' lang='grc' dir='ltr'><strong><em>Φίλιστος,</em></strong></span> <span class='ocrx_word' id='word_1_101' title='bbox 1197 1475 1239 1554; x_wconf 83' lang='grc' dir='ltr'><strong><em>ὥς</em></strong></span> <span class='ocrx_word' id='word_1_102' title='bbox 1259 1477 1297 1544; x_wconf 84' lang='grc' dir='ltr'><strong><em>έν</em></strong></span> <span class='ocrx_word' id='word_1_103' title='bbox 1318 1480 1397 1559; x_wconf 70' lang='grc' dir='ltr'><strong><em>τοῖς</em></strong></span> <span class='ocrx_word' id='word_1_104' title='bbox 1419 1477 1465 1547; x_wconf 78' lang='grc' dir='ltr'><strong><em>αί·</em></strong></span> <span class='ocrx_word' id='word_1_105' title='bbox 1504 1516 1508 1553; x_wconf 81' lang='grc' dir='ltr'><strong><em>ι</em></strong></span> 
     </span>
     <span class='ocr_line' id='line_1_14' title="bbox 167 1568 1509 1667; baseline 0.004 -22"><span class='ocrx_word' id='word_1_106' title='bbox 167 1581 249 1656; x_wconf 83' lang='grc' dir='ltr'><strong><em>τίσις</em></strong></span> <span class='ocrx_word' id='word_1_107' title='bbox 266 1578 435 1656; x_wconf 82' lang='grc' dir='ltr'><strong><em>Διονύσιος</em></strong></span> <span class='ocrx_word' id='word_1_108' title='bbox 455 1579 474 1645; x_wconf 87' lang='grc' dir='ltr'>ὁ</span> <span class='ocrx_word' id='word_1_109' title='bbox 493 1580 629 1661; x_wconf 82' lang='grc' dir='ltr'><strong><em>ποιητὴς</em></strong></span> <span class='ocrx_word' id='word_1_110' title='bbox 648 1578 809 1667; x_wconf 84' lang='grc' dir='ltr'><strong><em>ἱστόρησε.</em></strong></span> <span class='ocrx_word' id='word_1_111' title='bbox 846 1577 937 1662; x_wconf 77' lang='grc' dir='ltr'><strong><em>Ιίαρ’</em></strong></span> <span class='ocrx_word' id='word_1_112' title='bbox 957 1577 1032 1662; x_wconf 86' lang='grc' dir='ltr'><strong><em>ιἰμίν</em></strong></span> <span class='ocrx_word' id='word_1_113' title='bbox 1052 1579 1101 1658; x_wconf 84' lang='grc' dir='ltr'><strong><em>δέ,</em></strong></span> <span class='ocrx_word' id='word_1_114' title='bbox 1126 1568 1372 1665; x_wconf 83' lang='grc' dir='ltr'><strong><em>ῶΠεμπτίδη,</em></strong></span> <span class='ocrx_word' id='word_1_115' title='bbox 1403 1588 1468 1662; x_wconf 78' lang='grc' dir='ltr'><strong><em>τοῖς</em></strong></span> <span class='ocrx_word' id='word_1_116' title='bbox 1505 1594 1509 1621; x_wconf 77' lang='lat'>³</span> 
     </span>
     <span class='ocr_line' id='line_1_15' title="bbox 170 1681 1467 1776; baseline 0.005 -29"><span class='ocrx_word' id='word_1_117' title='bbox 170 1682 343 1767; x_wconf 78' lang='grc' dir='ltr'><strong><em>Θηβαίοις,</em></strong></span> <span class='ocrx_word' id='word_1_118' title='bbox 375 1681 414 1747; x_wconf 83' lang='grc' dir='ltr'><strong><em>οὐ</em></strong></span> <span class='ocrx_word' id='word_1_119' title='bbox 439 1682 604 1774; x_wconf 87' lang='grc' dir='ltr'><strong><em>πανοπλίῳ</em></strong></span> <span class='ocrx_word' id='word_1_120' title='bbox 630 1681 648 1748; x_wconf 90' lang='grc' dir='ltr'>ὁ</span> <span class='ocrx_word' id='word_1_121' title='bbox 677 1682 815 1771; x_wconf 75' lang='grc' dir='ltr'><strong><em>ἐραστὴς</em></strong></span> <span class='ocrx_word' id='word_1_122' title='bbox 841 1682 988 1768; x_wconf 86' lang='grc' dir='ltr'><strong><em>έδωρείτο</em></strong></span> <span class='ocrx_word' id='word_1_123' title='bbox 1012 1682 1070 1746; x_wconf 88' lang='grc' dir='ltr'><strong><em>τόν</em></strong></span> <span class='ocrx_word' id='word_1_124' title='bbox 1095 1682 1257 1770; x_wconf 83' lang='grc' dir='ltr'><strong><em>ἐρώμενον</em></strong></span> <span class='ocrx_word' id='word_1_125' title='bbox 1282 1686 1315 1763; x_wconf 81' lang='grc' dir='ltr'><strong><em>ἐς</em></strong></span> <span class='ocrx_word' id='word_1_126' title='bbox 1341 1685 1467 1776; x_wconf 74' lang='grc' dir='ltr'><strong><em>ἄνδρας</em></strong></span> 
     </span>
     <span class='ocr_line' id='line_1_16' title="bbox 169 1783 1469 1878; baseline 0.005 -27"><span class='ocrx_word' id='word_1_127' title='bbox 169 1785 433 1876; x_wconf 70' lang='grc' dir='ltr'><strong><em>έγγραφὸμευονς</em></strong></span> <span class='ocrx_word' id='word_1_128' title='bbox 458 1785 573 1866; x_wconf 78' lang='grc' dir='ltr'><strong><em>ἢλλαξε</em></strong></span> <span class='ocrx_word' id='word_1_129' title='bbox 602 1786 637 1852; x_wconf 79' lang='grc' dir='ltr'><strong><em>δέ</em></strong></span> <span class='ocrx_word' id='word_1_130' title='bbox 662 1789 719 1852; x_wconf 81' lang='grc' dir='ltr'><strong><em>καὶ</em></strong></span> <span class='ocrx_word' id='word_1_131' title='bbox 745 1786 907 1869; x_wconf 84' lang='grc' dir='ltr'><strong><em>μετέθηκε</em></strong></span> <span class='ocrx_word' id='word_1_132' title='bbox 932 1783 1022 1865; x_wconf 81' lang='grc' dir='ltr'><strong><em>τάξιν</em></strong></span> <span class='ocrx_word' id='word_1_133' title='bbox 1049 1788 1113 1852; x_wconf 90' lang='grc' dir='ltr'><strong><em>τῶν</em></strong></span> <span class='ocrx_word' id='word_1_134' title='bbox 1144 1786 1286 1854; x_wconf 79' lang='grc' dir='ltr'><strong><em>ὁπλιτῶν</em></strong></span> <span class='ocrx_word' id='word_1_135' title='bbox 1312 1791 1469 1878; x_wconf 73' lang='grc' dir='ltr'><strong><em>ἐρωτικός</em></strong></span> 
     </span>
     <span class='ocr_line' id='line_1_17' title="bbox 170 1885 1468 1985; baseline 0.005 -31"><span class='ocrx_word' id='word_1_136' title='bbox 170 1888 252 1975; x_wconf 76' lang='grc' dir='ltr'><strong><em>άνίχρ</em></strong></span> <span class='ocrx_word' id='word_1_137' title='bbox 268 1892 467 1973; x_wconf 88' lang='grc' dir='ltr'><strong><em>Παμμένης,</em></strong></span> <span class='ocrx_word' id='word_1_138' title='bbox 479 1885 629 1978; x_wconf 80' lang='grc' dir='ltr'><strong><em>Ὅμηρον</em></strong></span> <span class='ocrx_word' id='word_1_139' title='bbox 642 1887 904 1979; x_wconf 82' lang='grc' dir='ltr'><strong><em>ἐπιμεμφόμενος</em></strong></span> <span class='ocrx_word' id='word_1_140' title='bbox 924 1886 966 1965; x_wconf 86' lang='grc' dir='ltr'><strong><em>ὠς</em></strong></span> <span class='ocrx_word' id='word_1_141' title='bbox 985 1888 1180 1977; x_wconf 89' lang='grc' dir='ltr'><strong><em>άνέραστου,</em></strong></span> <span class='ocrx_word' id='word_1_142' title='bbox 1201 1885 1253 1957; x_wconf 84' lang='grc' dir='ltr'><strong><em>ότι</em></strong></span> <span class='ocrx_word' id='word_1_143' title='bbox 1268 1894 1357 1958; x_wconf 87' lang='grc' dir='ltr'><strong><em>κατά</em></strong></span> <span class='ocrx_word' id='word_1_144' title='bbox 1375 1897 1468 1985; x_wconf 80' lang='grc' dir='ltr'><strong><em>φῦλα</em></strong></span> 
     </span>
     <span class='ocr_line' id='line_1_18' title="bbox 168 1988 1468 2085; baseline 0.004 -27"><span class='ocrx_word' id='word_1_145' title='bbox 168 1995 225 2058; x_wconf 90' lang='grc' dir='ltr'><strong><em>καὶ</em></strong></span> <span class='ocrx_word' id='word_1_146' title='bbox 243 1991 392 2080; x_wconf 73' lang='grc' dir='ltr'><strong><em>φρέητρας</em></strong></span> <span class='ocrx_word' id='word_1_147' title='bbox 411 1991 589 2078; x_wconf 84' lang='grc' dir='ltr'><strong><em>συνελόχιζε</em></strong></span> <span class='ocrx_word' id='word_1_148' title='bbox 607 1991 683 2070; x_wconf 82' lang='grc' dir='ltr'><strong><em>τοὺς</em></strong></span> <span class='ocrx_word' id='word_1_149' title='bbox 701 1989 831 2077; x_wconf 82' lang='grc' dir='ltr'><strong><em>Ἀχαιοί</em></strong></span> <span class='ocrx_word' id='word_1_150' title='bbox 837 2017 867 2071; x_wconf 84' lang='grc' dir='ltr'><strong><em>ς,</em></strong></span> <span class='ocrx_word' id='word_1_151' title='bbox 888 1988 946 2058; x_wconf 81' lang='grc' dir='ltr'><strong><em>οὐκ</em></strong></span> <span class='ocrx_word' id='word_1_152' title='bbox 964 1990 1124 2078; x_wconf 82' lang='grc' dir='ltr'><strong><em>ἐρώμενον</em></strong></span> <span class='ocrx_word' id='word_1_153' title='bbox 1144 1991 1253 2060; x_wconf 81' lang='grc' dir='ltr'><strong><em>ἔταττε</em></strong></span> <span class='ocrx_word' id='word_1_154' title='bbox 1271 1996 1368 2083; x_wconf 87' lang='grc' dir='ltr'><strong><em>παρά</em></strong></span> <span class='ocrx_word' id='word_1_155' title='bbox 1390 1999 1468 2085; x_wconf 85' lang='grc' dir='ltr'><strong><em>έρα-</em></strong></span> 
     </span>
     <span class='ocr_line' id='line_1_19' title="bbox 170 2090 650 2182; baseline -0.006 -19"><span class='ocrx_word' id='word_1_156' title='bbox 170 2095 264 2178; x_wconf 76' lang='grc' dir='ltr'><strong><em>στην,</em></strong></span> <span class='ocrx_word' id='word_1_157' title='bbox 284 2090 323 2161; x_wconf 66' lang='lat' dir='ltr'><strong><em>&#39;iv&#39;</em></strong></span> <span class='ocrx_word' id='word_1_158' title='bbox 346 2091 429 2162; x_wconf 85' lang='grc' dir='ltr'><strong><em>οίίτω</em></strong></span> <span class='ocrx_word' id='word_1_159' title='bbox 447 2099 578 2182; x_wconf 86' lang='grc' dir='ltr'><strong><em>γένηται</em></strong></span> <span class='ocrx_word' id='word_1_160' title='bbox 597 2093 650 2176; x_wconf 91' lang='grc' dir='ltr'><strong><em>τό,</em></strong></span> 
     </span>
    </p>

    <p class='ocr_par' dir='ltr' id='par_1_5' title="bbox 117 2196 1509 2288">
     <span class='ocr_line' id='line_1_20' title="bbox 117 2196 1509 2288; baseline 0.004 -29"><span class='ocrx_word' id='word_1_161' title='bbox 117 2202 141 2259; x_wconf 83' lang='lat' dir='ltr'>C</span> <span class='ocrx_word' id='word_1_162' title='bbox 361 2198 476 2277; x_wconf 78' lang='grc' dir='ltr'><strong><em>Ἀσπὶς</em></strong></span> <span class='ocrx_word' id='word_1_163' title='bbox 495 2197 522 2264; x_wconf 82' lang='grc' dir='ltr'><strong><em>δ</em></strong></span> <span class='ocrx_word' id='word_1_164' title='bbox 543 2197 650 2265; x_wconf 80' lang='grc' dir='ltr'><strong><em>ἀσπίδ’</em></strong></span> <span class='ocrx_word' id='word_1_165' title='bbox 672 2196 789 2288; x_wconf 80' lang='grc' dir='ltr'><strong><em>ἔρειδε,</em></strong></span> <span class='ocrx_word' id='word_1_166' title='bbox 815 2196 912 2285; x_wconf 90' lang='grc' dir='ltr'><strong><em>κόρυς</em></strong></span> <span class='ocrx_word' id='word_1_167' title='bbox 932 2199 967 2264; x_wconf 83' lang='grc' dir='ltr'><strong><em>δέ</em></strong></span> <span class='ocrx_word' id='word_1_168' title='bbox 986 2196 1100 2285; x_wconf 90' lang='grc' dir='ltr'><strong><em>κόρυν,</em></strong></span> <span class='ocrx_word' id='word_1_169' title='bbox 1507 2206 1509 2265; x_wconf 73' lang='grc' dir='ltr'><strong><em>λ</em></strong></span> 
     </span>
    </p>
   </div>
   <div class='ocr_carea' id='block_1_5' title="bbox 125 2321 1473 3864">
    <p class='ocr_par' dir='ltr' id='par_1_6' title="bbox 125 2321 1473 3864">
     <span class='ocr_line' id='line_1_21' title="bbox 169 2321 1461 2415; baseline 0.002 -24"><span class='ocrx_word' id='word_1_170' title='bbox 169 2327 274 2411; x_wconf 87' lang='grc' dir='ltr'><strong><em>μόνον</em></strong></span> <span class='ocrx_word' id='word_1_171' title='bbox 296 2325 455 2407; x_wconf 81' lang='grc' dir='ltr'><strong><em>άὴττητον</em></strong></span> <span class='ocrx_word' id='word_1_172' title='bbox 477 2325 557 2392; x_wconf 85' lang='grc' dir='ltr'><strong><em>ίίντα</em></strong></span> <span class='ocrx_word' id='word_1_173' title='bbox 576 2327 641 2391; x_wconf 90' lang='grc' dir='ltr'><strong><em>τῶν</em></strong></span> <span class='ocrx_word' id='word_1_174' title='bbox 659 2326 855 2413; x_wconf 77' lang='grc' dir='ltr'><strong><em>στρατηγῶν.</em></strong></span> <span class='ocrx_word' id='word_1_175' title='bbox 894 2326 963 2391; x_wconf 81' lang='grc' dir='ltr'><strong><em>Καὶ</em></strong></span> <span class='ocrx_word' id='word_1_176' title='bbox 988 2325 1051 2415; x_wconf 93' lang='grc' dir='ltr'><strong><em>γάρ</em></strong></span> <span class='ocrx_word' id='word_1_177' title='bbox 1073 2328 1216 2415; x_wconf 78' lang='grc' dir='ltr'><strong><em>φυλέτας</em></strong></span> <span class='ocrx_word' id='word_1_178' title='bbox 1237 2329 1292 2395; x_wconf 80' lang='grc' dir='ltr'><strong><em>καλ</em></strong></span> <span class='ocrx_word' id='word_1_179' title='bbox 1316 2321 1461 2406; x_wconf 81' lang='grc' dir='ltr'><strong><em>οίκιίους</em></strong></span> 
     </span>
     <span class='ocr_line' id='line_1_22' title="bbox 171 2429 1464 2520; baseline 0.005 -26"><span class='ocrx_word' id='word_1_180' title='bbox 171 2433 228 2494; x_wconf 82' lang='grc' dir='ltr'><strong><em>καὶ</em></strong></span> <span class='ocrx_word' id='word_1_181' title='bbox 247 2430 287 2508; x_wconf 79' lang='grc' dir='ltr'><strong><em>νὴ</em></strong></span> <span class='ocrx_word' id='word_1_182' title='bbox 309 2429 370 2494; x_wconf 81' lang='grc' dir='ltr'><strong><em>Δία</em></strong></span> <span class='ocrx_word' id='word_1_183' title='bbox 390 2431 495 2513; x_wconf 80' lang='grc' dir='ltr'><strong><em>γονεῖς</em></strong></span> <span class='ocrx_word' id='word_1_184' title='bbox 514 2431 570 2492; x_wconf 84' lang='grc' dir='ltr'><strong><em>καὶ</em></strong></span> <span class='ocrx_word' id='word_1_185' title='bbox 589 2429 711 2504; x_wconf 84' lang='grc' dir='ltr'><strong><em>παῖδας</em></strong></span> <span class='ocrx_word' id='word_1_186' title='bbox 730 2429 1027 2513; x_wconf 81' lang='grc' dir='ltr'><strong><em>ἐγκαταλείπουσιν·</em></strong></span> <span class='ocrx_word' id='word_1_187' title='bbox 1055 2430 1198 2518; x_wconf 79' lang='grc' dir='ltr'><strong><em>ἐραστοῦ</em></strong></span> <span class='ocrx_word' id='word_1_188' title='bbox 1215 2430 1250 2499; x_wconf 77' lang='grc' dir='ltr'><strong><em>δέ</em></strong></span> <span class='ocrx_word' id='word_1_189' title='bbox 1267 2435 1324 2499; x_wconf 77' lang='grc' dir='ltr'><strong><em>καὶ</em></strong></span> <span class='ocrx_word' id='word_1_190' title='bbox 1342 2431 1464 2520; x_wconf 62' lang='grc' dir='ltr'><strong><em>έριομέε</em></strong></span> 
     </span>
     <span class='ocr_line' id='line_1_23' title="bbox 171 2528 1467 2616; baseline 0.002 -19"><span class='ocrx_word' id='word_1_191' title='bbox 171 2554 231 2597; x_wconf 90' lang='grc' dir='ltr'><strong><em>νου</em></strong></span> <span class='ocrx_word' id='word_1_192' title='bbox 249 2534 348 2615; x_wconf 89' lang='grc' dir='ltr'><strong><em>μέσος</em></strong></span> <span class='ocrx_word' id='word_1_193' title='bbox 369 2530 473 2607; x_wconf 79' lang='grc' dir='ltr'><strong><em>οὐδεὶς</em></strong></span> <span class='ocrx_word' id='word_1_194' title='bbox 491 2529 618 2596; x_wconf 89' lang='grc' dir='ltr'><strong><em>πώποτε</em></strong></span> <span class='ocrx_word' id='word_1_195' title='bbox 639 2528 791 2608; x_wconf 80' lang='grc' dir='ltr'><strong><em>διεξῆλθε</em></strong></span> <span class='ocrx_word' id='word_1_196' title='bbox 810 2532 980 2616; x_wconf 78' lang='grc' dir='ltr'><strong><em>πολέμιος,</em></strong></span> <span class='ocrx_word' id='word_1_197' title='bbox 1001 2531 1075 2599; x_wconf 78' lang='grc' dir='ltr'><strong><em>οὐδέ</em></strong></span> <span class='ocrx_word' id='word_1_198' title='bbox 1087 2532 1290 2615; x_wconf 71' lang='grc' dir='ltr'><strong><em>διεξήλασεν·</em></strong></span> <span class='ocrx_word' id='word_1_199' title='bbox 1310 2528 1397 2600; x_wconf 83' lang='grc' dir='ltr'><strong><em>ὅπου</em></strong></span> <span class='ocrx_word' id='word_1_200' title='bbox 1409 2537 1467 2600; x_wconf 85' lang='grc' dir='ltr'><strong><em>καὶ</em></strong></span> 
     </span>
     <span class='ocr_line' id='line_1_24' title="bbox 173 2628 1467 2731; baseline 0.005 -35"><span class='ocrx_word' id='word_1_201' title='bbox 173 2635 275 2722; x_wconf 85' lang='grc' dir='ltr'><strong><em>μηδέν</em></strong></span> <span class='ocrx_word' id='word_1_202' title='bbox 293 2634 457 2715; x_wconf 84' lang='grc' dir='ltr'><strong><em>δεομένοις</em></strong></span> <span class='ocrx_word' id='word_1_203' title='bbox 477 2631 565 2725; x_wconf 79' lang='grc' dir='ltr'><strong><em>ἐπῄει</em></strong></span> <span class='ocrx_word' id='word_1_204' title='bbox 583 2628 797 2697; x_wconf 86' lang='grc' dir='ltr'><strong><em>έπιδεικνόναο</em></strong></span> <span class='ocrx_word' id='word_1_205' title='bbox 815 2632 851 2696; x_wconf 85' lang='grc' dir='ltr'><strong><em>τὸ</em></strong></span> <span class='ocrx_word' id='word_1_206' title='bbox 872 2631 1101 2720; x_wconf 77' lang='grc' dir='ltr'><strong><em>φιλοκίνδυνον</em></strong></span> <span class='ocrx_word' id='word_1_207' title='bbox 1122 2641 1177 2703; x_wconf 80' lang='grc' dir='ltr'><strong><em>καὶ</em></strong></span> <span class='ocrx_word' id='word_1_208' title='bbox 1200 2635 1407 2731; x_wconf 84' lang='grc' dir='ltr'><strong><em>φιλόψυχον.</em></strong></span> <span class='ocrx_word' id='word_1_209' title='bbox 1425 2637 1467 2717; x_wconf 81' lang='grc' dir='ltr'><strong><em>ῶς</em></strong></span> 
     </span>
     <span class='ocr_line' id='line_1_25' title="bbox 178 2734 1472 2832; baseline 0.006 -31"><span class='ocrx_word' id='word_1_210' title='bbox 178 2738 294 2828; x_wconf 76' lang='grc' dir='ltr'><strong><em>θηρωυ</em></strong></span> <span class='ocrx_word' id='word_1_211' title='bbox 316 2735 334 2802; x_wconf 90' lang='grc' dir='ltr'><strong><em>ό</em></strong></span> <span class='ocrx_word' id='word_1_212' title='bbox 358 2735 526 2810; x_wconf 84' lang='grc' dir='ltr'><strong><em>Θεσσαλὸς</em></strong></span> <span class='ocrx_word' id='word_1_213' title='bbox 545 2734 743 2822; x_wconf 77' lang='grc' dir='ltr'><strong><em>προσβαλῶν</em></strong></span> <span class='ocrx_word' id='word_1_214' title='bbox 759 2734 819 2815; x_wconf 81' lang='grc' dir='ltr'><strong><em>τὴν</em></strong></span> <span class='ocrx_word' id='word_1_215' title='bbox 835 2740 929 2822; x_wconf 79' lang='grc' dir='ltr'><strong><em>χεῖρα</em></strong></span> <span class='ocrx_word' id='word_1_216' title='bbox 948 2738 994 2828; x_wconf 77' lang='grc' dir='ltr'><strong><em>τῷ</em></strong></span> <span class='ocrx_word' id='word_1_217' title='bbox 1016 2738 1110 2832; x_wconf 87' lang='grc' dir='ltr'><strong><em>τοίχῳ</em></strong></span> <span class='ocrx_word' id='word_1_218' title='bbox 1127 2741 1186 2823; x_wconf 77' lang='grc' dir='ltr'><strong><em>τὴν</em></strong></span> <span class='ocrx_word' id='word_1_219' title='bbox 1209 2740 1392 2829; x_wconf 75' lang='grc' dir='ltr'><strong><em>είῶνυμον,</em></strong></span> <span class='ocrx_word' id='word_1_220' title='bbox 1419 2748 1472 2813; x_wconf 83' lang='grc' dir='ltr'><strong><em>καλ</em></strong></span> 
     </span>
     <span class='ocr_line' id='line_1_26' title="bbox 174 2836 1469 2933; baseline 0.001 -23"><span class='ocrx_word' id='word_1_221' title='bbox 174 2841 384 2927; x_wconf 86' lang='grc' dir='ltr'><strong><em>σπασάμενος</em></strong></span> <span class='ocrx_word' id='word_1_222' title='bbox 405 2840 462 2920; x_wconf 70' lang='grc' dir='ltr'><strong><em>τίηυ</em></strong></span> <span class='ocrx_word' id='word_1_223' title='bbox 481 2836 663 2927; x_wconf 87' lang='grc' dir='ltr'><strong><em>μάχαιραν,</em></strong></span> <span class='ocrx_word' id='word_1_224' title='bbox 690 2838 834 2928; x_wconf 86' lang='grc' dir='ltr'><strong><em>άπέκοφε</em></strong></span> <span class='ocrx_word' id='word_1_225' title='bbox 858 2841 916 2907; x_wconf 88' lang='grc' dir='ltr'><strong><em>τὸν</em></strong></span> <span class='ocrx_word' id='word_1_226' title='bbox 938 2841 1102 2932; x_wconf 84' lang='grc' dir='ltr'><strong><em>ἀντίχειρα</em></strong></span> <span class='ocrx_word' id='word_1_227' title='bbox 1121 2842 1395 2933; x_wconf 76' lang='grc' dir='ltr'><strong><em>προκαλούμενος</em></strong></span> <span class='ocrx_word' id='word_1_228' title='bbox 1415 2844 1469 2912; x_wconf 88' lang='grc' dir='ltr'><strong><em>τόν</em></strong></span> 
     </span>
     <span class='ocr_line' id='line_1_27' title="bbox 176 2941 1469 3041; baseline 0 -28"><span class='ocrx_word' id='word_1_229' title='bbox 176 2946 386 3034; x_wconf 76' lang='grc' dir='ltr'><strong><em>ἀντεραστὴν.</em></strong></span> <span class='ocrx_word' id='word_1_230' title='bbox 418 2941 552 3034; x_wconf 74' lang='grc' dir='ltr'><strong><em>Ἕτερος</em></strong></span> <span class='ocrx_word' id='word_1_231' title='bbox 574 2944 610 3009; x_wconf 85' lang='grc' dir='ltr'><strong><em>δέ</em></strong></span> <span class='ocrx_word' id='word_1_232' title='bbox 632 2967 680 3021; x_wconf 89' lang='grc' dir='ltr'><strong><em>τις</em></strong></span> <span class='ocrx_word' id='word_1_233' title='bbox 698 2944 733 3008; x_wconf 88' lang='grc' dir='ltr'><strong><em>ἐν</em></strong></span> <span class='ocrx_word' id='word_1_234' title='bbox 749 2942 836 3036; x_wconf 78' lang='grc' dir='ltr'><strong><em>μάχη</em></strong></span> <span class='ocrx_word' id='word_1_235' title='bbox 858 2945 965 3012; x_wconf 88' lang='grc' dir='ltr'><strong><em>πεσῶν</em></strong></span> <span class='ocrx_word' id='word_1_236' title='bbox 989 2947 1042 3014; x_wconf 85' lang='grc' dir='ltr'><strong><em>έπὶ</em></strong></span> <span class='ocrx_word' id='word_1_237' title='bbox 1063 2945 1259 3041; x_wconf 86' lang='grc' dir='ltr'><strong><em>πρόσωπον,</em></strong></span> <span class='ocrx_word' id='word_1_238' title='bbox 1292 2947 1336 3027; x_wconf 86' lang='grc' dir='ltr'><strong><em>ῶς</em></strong></span> <span class='ocrx_word' id='word_1_239' title='bbox 1360 2947 1469 3034; x_wconf 82' lang='grc' dir='ltr'><strong><em>ἔμελλε</em></strong></span> 
     </span>
     <span class='ocr_line' id='line_1_28' title="bbox 176 3046 1467 3140; baseline 0.001 -22"><span class='ocrx_word' id='word_1_240' title='bbox 176 3051 306 3118; x_wconf 88' lang='grc' dir='ltr'><strong><em>παίσειν</em></strong></span> <span class='ocrx_word' id='word_1_241' title='bbox 333 3050 433 3115; x_wconf 82' lang='grc' dir='ltr'><strong><em>αὐτόν</em></strong></span> <span class='ocrx_word' id='word_1_242' title='bbox 453 3049 472 3114; x_wconf 88' lang='grc' dir='ltr'><strong><em>ό</em></strong></span> <span class='ocrx_word' id='word_1_243' title='bbox 493 3050 661 3133; x_wconf 87' lang='grc' dir='ltr'><strong><em>πολέμιος,</em></strong></span> <span class='ocrx_word' id='word_1_244' title='bbox 687 3046 810 3129; x_wconf 77' lang='grc' dir='ltr'><strong><em>έδεὴθη</em></strong></span> <span class='ocrx_word' id='word_1_245' title='bbox 831 3053 1014 3138; x_wconf 85' lang='grc' dir='ltr'><strong><em>περιμεῖναι</em></strong></span> <span class='ocrx_word' id='word_1_246' title='bbox 1033 3051 1165 3138; x_wconf 83' lang='grc' dir='ltr'><strong><em>μικρὸν,</em></strong></span> <span class='ocrx_word' id='word_1_247' title='bbox 1193 3053 1239 3134; x_wconf 76' lang='grc' dir='ltr'><strong><em>με]</em></strong></span> <span class='ocrx_word' id='word_1_248' title='bbox 1252 3049 1286 3117; x_wconf 79' lang='grc' dir='ltr'><strong><em>ά</em></strong></span> <span class='ocrx_word' id='word_1_249' title='bbox 1308 3050 1467 3140; x_wconf 75' lang='grc' dir='ltr'><strong><em>ἐρώμενος</em></strong></span> 
     </span>
     <span class='ocr_line' id='line_1_29' title="bbox 125 3149 1468 3244; baseline 0.006 -32"><span class='ocrx_word' id='word_1_250' title='bbox 125 3156 151 3212; x_wconf 90' lang='lat' dir='ltr'>D</span> <span class='ocrx_word' id='word_1_251' title='bbox 178 3154 230 3244; x_wconf 77' lang='grc' dir='ltr'><strong><em>ἴδη</em></strong></span> <span class='ocrx_word' id='word_1_252' title='bbox 254 3153 338 3217; x_wconf 85' lang='grc' dir='ltr'><strong><em>κατὰ</em></strong></span> <span class='ocrx_word' id='word_1_253' title='bbox 366 3152 469 3219; x_wconf 81' lang='grc' dir='ltr'><strong><em>νώτου</em></strong></span> <span class='ocrx_word' id='word_1_254' title='bbox 497 3154 701 3238; x_wconf 86' lang='grc' dir='ltr'><strong><em>τετρωμένον.</em></strong></span> <span class='ocrx_word' id='word_1_255' title='bbox 754 3149 800 3216; x_wconf 82' lang='grc' dir='ltr'><strong><em>Οιί</em></strong></span> <span class='ocrx_word' id='word_1_256' title='bbox 825 3151 930 3238; x_wconf 91' lang='grc' dir='ltr'><strong><em>μόνον</em></strong></span> <span class='ocrx_word' id='word_1_257' title='bbox 955 3151 1064 3219; x_wconf 87' lang='grc' dir='ltr'><strong><em>τοίνυν</em></strong></span> <span class='ocrx_word' id='word_1_258' title='bbox 1095 3154 1133 3219; x_wconf 92' lang='grc' dir='ltr'><strong><em>τά</em></strong></span> <span class='ocrx_word' id='word_1_259' title='bbox 1162 3151 1385 3241; x_wconf 77' lang='grc' dir='ltr'><strong><em>μαχιμώτατα</em></strong></span> <span class='ocrx_word' id='word_1_260' title='bbox 1411 3154 1468 3222; x_wconf 85' lang='grc' dir='ltr'><strong><em>τῶν</em></strong></span> 
     </span>
     <span class='ocr_line' id='line_1_30' title="bbox 177 3252 1468 3345; baseline 0.001 -24"><span class='ocrx_word' id='word_1_261' title='bbox 177 3258 287 3322; x_wconf 76' lang='grc' dir='ltr'><strong><em>ἐθνῶν</em></strong></span> <span class='ocrx_word' id='word_1_262' title='bbox 304 3254 540 3343; x_wconf 85' lang='grc' dir='ltr'><strong><em>ἐρωτικώτατα,</em></strong></span> <span class='ocrx_word' id='word_1_263' title='bbox 559 3256 699 3322; x_wconf 84' lang='grc' dir='ltr'><strong><em>Βοιωτοί</em></strong></span> <span class='ocrx_word' id='word_1_264' title='bbox 718 3259 774 3322; x_wconf 87' lang='grc' dir='ltr'><strong><em>καὶ</em></strong></span> <span class='ocrx_word' id='word_1_265' title='bbox 791 3256 1052 3340; x_wconf 87' lang='grc' dir='ltr'><strong><em>Λακεδαιμόνιοι</em></strong></span> <span class='ocrx_word' id='word_1_266' title='bbox 1071 3261 1127 3323; x_wconf 83' lang='grc' dir='ltr'><strong><em>καὶ</em></strong></span> <span class='ocrx_word' id='word_1_267' title='bbox 1142 3252 1289 3345; x_wconf 76' lang='grc' dir='ltr'><strong><em>Κρῆτες,</em></strong></span> <span class='ocrx_word' id='word_1_268' title='bbox 1308 3256 1400 3327; x_wconf 80' lang='grc' dir='ltr'><strong><em>άλλιέ</em></strong></span> <span class='ocrx_word' id='word_1_269' title='bbox 1418 3260 1468 3324; x_wconf 85' lang='grc' dir='ltr'><strong><em>καέ</em></strong></span> 
     </span>
     <span class='ocr_line' id='line_1_31' title="bbox 181 3354 1468 3447; baseline 0.001 -23"><span class='ocrx_word' id='word_1_270' title='bbox 181 3361 247 3424; x_wconf 87' lang='grc' dir='ltr'><strong><em>τῶν</em></strong></span> <span class='ocrx_word' id='word_1_271' title='bbox 270 3361 436 3439; x_wconf 86' lang='grc' dir='ltr'><strong><em>παλαιῶν,</em></strong></span> <span class='ocrx_word' id='word_1_272' title='bbox 467 3357 714 3446; x_wconf 85' lang='grc' dir='ltr'><strong><em>όΜελέαγρος,</em></strong></span> <span class='ocrx_word' id='word_1_273' title='bbox 741 3354 955 3444; x_wconf 82' lang='grc' dir='ltr'><strong><em>ὁἈχιλλεέις,</em></strong></span> <span class='ocrx_word' id='word_1_274' title='bbox 986 3357 1268 3447; x_wconf 82' lang='grc' dir='ltr'><strong><em>ὁἈριστομένης,</em></strong></span> <span class='ocrx_word' id='word_1_275' title='bbox 1300 3358 1468 3446; x_wconf 85' lang='grc' dir='ltr'><strong><em>όΚίμιιτ,</em></strong></span> 
     </span>
     <span class='ocr_line' id='line_1_32' title="bbox 180 3449 1470 3551; baseline 0 -25"><span class='ocrx_word' id='word_1_276' title='bbox 180 3460 483 3546; x_wconf 85' lang='grc' dir='ltr'><strong><em>ὁἝπαμινάνδας·</em></strong></span> <span class='ocrx_word' id='word_1_277' title='bbox 512 3465 567 3528; x_wconf 84' lang='grc' dir='ltr'><strong><em>καὶ</em></strong></span> <span class='ocrx_word' id='word_1_278' title='bbox 594 3458 657 3551; x_wconf 84' lang='grc' dir='ltr'><strong><em>γάρ</em></strong></span> <span class='ocrx_word' id='word_1_279' title='bbox 684 3449 777 3539; x_wconf 81' lang='grc' dir='ltr'><strong><em>οὗτος</em></strong></span> <span class='ocrx_word' id='word_1_280' title='bbox 803 3463 980 3550; x_wconf 84' lang='grc' dir='ltr'><strong><em>ε’ρωμέυους</em></strong></span> <span class='ocrx_word' id='word_1_281' title='bbox 1007 3458 1099 3549; x_wconf 83' lang='grc' dir='ltr'><strong><em>ἔσχεν</em></strong></span> <span class='ocrx_word' id='word_1_282' title='bbox 1118 3459 1304 3547; x_wconf 80' lang='grc' dir='ltr'><strong><em>Ἆσωπιχόν</em></strong></span> <span class='ocrx_word' id='word_1_283' title='bbox 1323 3466 1385 3528; x_wconf 81' lang='grc' dir='ltr'><strong><em>καὶ</em></strong></span> <span class='ocrx_word' id='word_1_284' title='bbox 1404 3462 1470 3528; x_wconf 78' lang='lat' dir='ltr'><strong><em>Ka-</em></strong></span> 
     </span>
     <span class='ocr_line' id='line_1_33' title="bbox 181 3561 1469 3658; baseline 0.003 -29"><span class='ocrx_word' id='word_1_285' title='bbox 181 3564 386 3654; x_wconf 82' lang='grc' dir='ltr'><strong><em>φισὸδωρον,</em></strong></span> <span class='ocrx_word' id='word_1_286' title='bbox 407 3561 444 3644; x_wconf 84' lang='grc' dir='ltr'><strong><em>ίίς</em></strong></span> <span class='ocrx_word' id='word_1_287' title='bbox 457 3563 544 3658; x_wconf 76' lang='grc' dir='ltr'><strong><em>αὐτῷ</em></strong></span> <span class='ocrx_word' id='word_1_288' title='bbox 554 3567 784 3632; x_wconf 80' lang='grc' dir='ltr'><strong><em>συναπέθανεν</em></strong></span> <span class='ocrx_word' id='word_1_289' title='bbox 797 3565 832 3629; x_wconf 88' lang='grc' dir='ltr'><strong><em>έν</em></strong></span> <span class='ocrx_word' id='word_1_290' title='bbox 846 3563 1049 3656; x_wconf 77' lang='grc' dir='ltr'><strong><em>Μαντινείᾳ,</em></strong></span> <span class='ocrx_word' id='word_1_291' title='bbox 1070 3568 1126 3632; x_wconf 85' lang='grc' dir='ltr'><strong><em>καὶ</em></strong></span> <span class='ocrx_word' id='word_1_292' title='bbox 1140 3567 1309 3632; x_wconf 86' lang='grc' dir='ltr'><strong><em>τέθαπται</em></strong></span> <span class='ocrx_word' id='word_1_293' title='bbox 1321 3565 1469 3648; x_wconf 88' lang='grc' dir='ltr'><strong><em>πλησίον.</em></strong></span> 
     </span>
     <span class='ocr_line' id='line_1_34' title="bbox 186 3666 1472 3758; baseline 0.001 -25"><span class='ocrx_word' id='word_1_294' title='bbox 186 3669 253 3734; x_wconf 88' lang='grc' dir='ltr'><strong><em>Τὸν</em></strong></span> <span class='ocrx_word' id='word_1_295' title='bbox 272 3670 307 3734; x_wconf 82' lang='grc' dir='ltr'><strong><em>δέ</em></strong></span> <span class='ocrx_word' id='word_1_296' title='bbox 323 3694 373 3755; x_wconf 88' lang='grc' dir='ltr'><strong><em>μω</em></strong></span> <span class='ocrx_word' id='word_1_297' title='bbox 394 3717 552 3736; x_wconf 90' lang='grc'><strong>........</strong></span> <span class='ocrx_word' id='word_1_298' title='bbox 571 3666 796 3758; x_wconf 80' lang='grc' dir='ltr'><strong><em>φοβερώτερον</em></strong></span> <span class='ocrx_word' id='word_1_299' title='bbox 814 3667 987 3752; x_wconf 88' lang='grc' dir='ltr'><strong><em>γευόμενον</em></strong></span> <span class='ocrx_word' id='word_1_300' title='bbox 1006 3673 1074 3748; x_wconf 80' lang='grc' dir='ltr'><strong><em>τοῖς</em></strong></span> <span class='ocrx_word' id='word_1_301' title='bbox 1092 3669 1278 3757; x_wconf 78' lang='grc' dir='ltr'><strong><em>πολεμίους,</em></strong></span> <span class='ocrx_word' id='word_1_302' title='bbox 1296 3671 1357 3735; x_wconf 84' lang='grc' dir='ltr'><strong><em>καὶ</em></strong></span> <span class='ocrx_word' id='word_1_303' title='bbox 1374 3666 1472 3736; x_wconf 87' lang='grc' dir='ltr'><strong><em>δεινό·</em></strong></span> 
     </span>
     <span class='ocr_line' id='line_1_35' title="bbox 147 3771 1473 3864; baseline 0.001 -25"><span class='ocrx_word' id='word_1_304' title='bbox 147 3834 150 3839; x_wconf 87' lang='grc'><strong>.</strong></span> <span class='ocrx_word' id='word_1_305' title='bbox 182 3772 324 3839; x_wconf 86' lang='grc' dir='ltr'><strong><em>τατονό</em></strong></span> <span class='ocrx_word' id='word_1_306' title='bbox 345 3777 470 3861; x_wconf 83' lang='grc' dir='ltr'><strong><em>πρῶτος</em></strong></span> <span class='ocrx_word' id='word_1_307' title='bbox 487 3774 630 3853; x_wconf 76' lang='grc' dir='ltr'><strong><em>ὑποστάς</em></strong></span> <span class='ocrx_word' id='word_1_308' title='bbox 652 3776 709 3840; x_wconf 84' lang='grc' dir='ltr'><strong><em>καὶ</em></strong></span> <span class='ocrx_word' id='word_1_309' title='bbox 729 3771 876 3855; x_wconf 82' lang='grc' dir='ltr'><strong><em>πατάξας</em></strong></span> <span class='ocrx_word' id='word_1_310' title='bbox 893 3774 1065 3863; x_wconf 69' lang='grc' dir='ltr'><strong><em>Εόκυαμος</em></strong></span> <span class='ocrx_word' id='word_1_311' title='bbox 1081 3772 1283 3864; x_wconf 77' lang='grc' dir='ltr'><strong><em>Ἀμφισσεὺς</em></strong></span> <span class='ocrx_word' id='word_1_312' title='bbox 1290 3819 1301 3852; x_wconf 91' lang='grc'><strong><em>,</em></strong></span> <span class='ocrx_word' id='word_1_313' title='bbox 1325 3771 1473 3863; x_wconf 74' lang='grc' dir='ltr'><strong><em>’ἡρωϊκάς</em></strong></span> 
     </span>
    </p>
   </div>
   <div class='ocr_carea' id='block_1_6' title="bbox 184 3900 410 3920">
    <p class='ocr_par' dir='ltr' id='par_1_7' title="bbox 184 3900 410 3920">
     <span class='ocr_line' id='line_1_36' title="bbox 184 3900 410 3920; baseline -0.004 0"><span class='ocrx_word' id='word_1_314' title='bbox 184 3900 410 3920; x_wconf 64' lang='lat' dir='ltr'><em>m</em></span> 
     </span>
    </p>
   </div>
   <div class='ocr_carea' id='block_1_7' title="bbox 183 3957 1475 4117">
    <p class='ocr_par' dir='ltr' id='par_1_8' title="bbox 183 3957 1475 4117">
     <span class='ocr_line' id='line_1_37' title="bbox 183 3957 1475 4036; baseline 0 -20"><span class='ocrx_word' id='word_1_315' title='bbox 183 3961 221 4018; x_wconf 88' lang='lat' dir='ltr'><strong><em>A.</em></strong></span> <span class='ocrx_word' id='word_1_316' title='bbox 249 3966 291 4019; x_wconf 86' lang='grc'><strong><em>10.</em></strong></span> <span class='ocrx_word' id='word_1_317' title='bbox 323 3957 356 4015; x_wconf 77' lang='grc' dir='ltr'><em>Ὦ</em></span> <span class='ocrx_word' id='word_1_318' title='bbox 374 3965 461 4024; x_wconf 80' lang='grc' dir='ltr'><strong><em>παῖδες</em></strong></span> <span class='ocrx_word' id='word_1_319' title='bbox 477 3993 511 4006; x_wconf 90' lang='grc'>-</span> <span class='ocrx_word' id='word_1_320' title='bbox 530 3961 640 4030; x_wconf 78' lang='grc' dir='ltr'><strong><em>πόλεσιν]</em></strong></span> <span class='ocrx_word' id='word_1_321' title='bbox 665 3961 783 4020; x_wconf 83' lang='lat' dir='ltr'>Versus</span> <span class='ocrx_word' id='word_1_322' title='bbox 810 3961 955 4036; x_wconf 64' lang='lat' dir='ltr'><strong>descripsi</strong></span> <span class='ocrx_word' id='word_1_323' title='bbox 980 3971 1011 4018; x_wconf 83' lang='lat' dir='ltr'><strong><em>et</em></strong></span> <span class='ocrx_word' id='word_1_324' title='bbox 1034 3959 1186 4017; x_wconf 78' lang='lat' dir='ltr'>emendavi</span> <span class='ocrx_word' id='word_1_325' title='bbox 1207 3959 1379 4018; x_wconf 75' lang='lat' dir='ltr'>secundm</span> <span class='ocrx_word' id='word_1_326' title='bbox 1404 3959 1475 4020; x_wconf 76' lang='lat' dir='ltr'>mei-</span> 
     </span>
     <span class='ocr_line' id='line_1_38' title="bbox 316 4056 463 4117; baseline 0.007 -7"><span class='ocrx_word' id='word_1_327' title='bbox 316 4056 463 4117; x_wconf 82' lang='lat' dir='ltr'><strong>neekium.</strong></span> 
     </span>
    </p>
   </div>
   <div class='ocr_carea' id='block_1_8' title="bbox 184 4144 1479 4783">
    <p class='ocr_par' dir='ltr' id='par_1_9' title="bbox 184 4144 830 4225">
     <span class='ocr_line' id='line_1_39' title="bbox 184 4144 830 4225; baseline 0 -19"><span class='ocrx_word' id='word_1_328' title='bbox 184 4149 222 4206; x_wconf 80' lang='lat' dir='ltr'><strong><em>A·</em></strong></span> <span class='ocrx_word' id='word_1_329' title='bbox 242 4148 282 4210; x_wconf 81' lang='lat' dir='ltr'><strong><em>ib.</em></strong></span> <span class='ocrx_word' id='word_1_330' title='bbox 310 4146 403 4217; x_wconf 75' lang='grc' dir='ltr'><strong><em>λάχετ’]</em></strong></span> <span class='ocrx_word' id='word_1_331' title='bbox 430 4148 576 4215; x_wconf 66' lang='lat' dir='ltr'>Meineck.</span> <span class='ocrx_word' id='word_1_332' title='bbox 609 4148 705 4225; x_wconf 79' lang='lat' dir='ltr'>Vulgo</span> <span class='ocrx_word' id='word_1_333' title='bbox 724 4144 830 4216; x_wconf 79' lang='grc' dir='ltr'><strong><em>έλάχετι.</em></strong></span> 
     </span>
    </p>

    <p class='ocr_par' dir='ltr' id='par_1_10' title="bbox 186 4239 833 4316">
     <span class='ocr_line' id='line_1_40' title="bbox 186 4239 833 4316; baseline 0.002 -18"><span class='ocrx_word' id='word_1_334' title='bbox 186 4245 223 4298; x_wconf 80' lang='lat' dir='ltr'><strong><em>A·</em></strong></span> <span class='ocrx_word' id='word_1_335' title='bbox 247 4248 287 4300; x_wconf 85' lang='grc'><strong><em>11.</em></strong></span> <span class='ocrx_word' id='word_1_336' title='bbox 315 4239 449 4311; x_wconf 74' lang='grc' dir='ltr'><strong><em>φθονεῖθ’]</em></strong></span> <span class='ocrx_word' id='word_1_337' title='bbox 471 4242 556 4298; x_wconf 84' lang='lat' dir='ltr'><strong>idem.</strong></span> <span class='ocrx_word' id='word_1_338' title='bbox 591 4242 686 4316; x_wconf 75' lang='lat' dir='ltr'>Vulgo</span> <span class='ocrx_word' id='word_1_339' title='bbox 704 4251 833 4312; x_wconf 81' lang='grc' dir='ltr'><strong><em>φθονεῖτε.</em></strong></span> 
     </span>
    </p>

    <p class='ocr_par' dir='ltr' id='par_1_11' title="bbox 186 4331 853 4408">
     <span class='ocr_line' id='line_1_41' title="bbox 186 4331 853 4408; baseline 0.007 -20"><span class='ocrx_word' id='word_1_340' title='bbox 186 4332 221 4388; x_wconf 85' lang='grc' dir='ltr'><strong><em>Β.</em></strong></span> <span class='ocrx_word' id='word_1_341' title='bbox 244 4336 271 4391; x_wconf 84' lang='grc'><strong><em>3.</em></strong></span> <span class='ocrx_word' id='word_1_342' title='bbox 306 4337 407 4400; x_wconf 81' lang='grc' dir='ltr'><strong><em>αἰτίοις]</em></strong></span> <span class='ocrx_word' id='word_1_343' title='bbox 434 4335 599 4406; x_wconf 79' lang='lat' dir='ltr'><strong>Xylander.</strong></span> <span class='ocrx_word' id='word_1_344' title='bbox 635 4335 730 4408; x_wconf 85' lang='lat' dir='ltr'>Vulgo</span> <span class='ocrx_word' id='word_1_345' title='bbox 748 4331 853 4397; x_wconf 82' lang='grc' dir='ltr'><strong><em>άντίοις.</em></strong></span> 
     </span>
    </p>

    <p class='ocr_par' dir='ltr' id='par_1_12' title="bbox 186 4424 828 4504">
     <span class='ocr_line' id='line_1_42' title="bbox 186 4424 828 4504; baseline 0 -22"><span class='ocrx_word' id='word_1_346' title='bbox 186 4427 221 4486; x_wconf 88' lang='grc' dir='ltr'><strong><em>Β.</em></strong></span> <span class='ocrx_word' id='word_1_347' title='bbox 247 4432 272 4483; x_wconf 68' lang='grc'><strong><em>11.</em></strong></span> <span class='ocrx_word' id='word_1_348' title='bbox 308 4424 366 4500; x_wconf 74' lang='grc' dir='ltr'><strong><em>παρ’</em></strong></span> <span class='ocrx_word' id='word_1_349' title='bbox 386 4427 455 4503; x_wconf 75' lang='grc' dir='ltr'><strong><em>ὑμῖν]</em></strong></span> <span class='ocrx_word' id='word_1_350' title='bbox 474 4429 534 4489; x_wconf 79' lang='grc' dir='ltr'><strong><em>ΒΕ.</em></strong></span> <span class='ocrx_word' id='word_1_351' title='bbox 573 4428 665 4504; x_wconf 83' lang='lat' dir='ltr'>Vulgo</span> <span class='ocrx_word' id='word_1_352' title='bbox 683 4424 744 4498; x_wconf 74' lang='grc' dir='ltr'><strong><em>παρ’</em></strong></span> <span class='ocrx_word' id='word_1_353' title='bbox 759 4425 828 4499; x_wconf 67' lang='grc' dir='ltr'><strong><em>ἡμῖν,</em></strong></span> 
     </span>
    </p>

    <p class='ocr_par' dir='ltr' id='par_1_13' title="bbox 187 4517 1479 4689">
     <span class='ocr_line' id='line_1_43' title="bbox 187 4517 1479 4597; baseline -0.001 -21"><span class='ocrx_word' id='word_1_354' title='bbox 187 4526 220 4581; x_wconf 84' lang='grc' dir='ltr'><strong><em>Β.</em></strong></span> <span class='ocrx_word' id='word_1_355' title='bbox 243 4526 270 4577; x_wconf 83' lang='grc'><strong><em>5.</em></strong></span> <span class='ocrx_word' id='word_1_356' title='bbox 305 4528 328 4582; x_wconf 79' lang='grc' dir='ltr'><strong><em>ις</em></strong></span> <span class='ocrx_word' id='word_1_357' title='bbox 350 4521 456 4592; x_wconf 77' lang='grc' dir='ltr'><strong><em>ἄνδρας]</em></strong></span> <span class='ocrx_word' id='word_1_358' title='bbox 499 4541 536 4578; x_wconf 85' lang='lat' dir='ltr'><strong><em>ex</em></strong></span> <span class='ocrx_word' id='word_1_359' title='bbox 561 4541 624 4579; x_wconf 78' lang='lat' dir='ltr'><strong><em>mea</em></strong></span> <span class='ocrx_word' id='word_1_360' title='bbox 651 4527 832 4595; x_wconf 77' lang='lat' dir='ltr'><strong>conjectura.</strong></span> <span class='ocrx_word' id='word_1_361' title='bbox 868 4520 963 4597; x_wconf 81' lang='lat' dir='ltr'>Vulgo</span> <span class='ocrx_word' id='word_1_362' title='bbox 991 4519 1113 4594; x_wconf 76' lang='grc' dir='ltr'><strong><em>δρώμενον</em></strong></span> <span class='ocrx_word' id='word_1_363' title='bbox 1139 4517 1247 4593; x_wconf 78' lang='grc' dir='ltr'><strong><em>άρδέτας</em></strong></span> <span class='ocrx_word' id='word_1_364' title='bbox 1273 4517 1479 4594; x_wconf 70' lang='grc' dir='ltr'><strong><em>ἐγγραψάμενοι.</em></strong></span> 
     </span>
     <span class='ocr_line' id='line_1_44' title="bbox 322 4611 876 4689; baseline 0.004 -22"><span class='ocrx_word' id='word_1_365' title='bbox 322 4611 426 4674; x_wconf 80' lang='grc' dir='ltr'><strong><em>άνδέτας</em></strong></span> <span class='ocrx_word' id='word_1_366' title='bbox 443 4615 502 4674; x_wconf 82' lang='grc' dir='ltr'><strong><em>ΒΕ.</em></strong></span> <span class='ocrx_word' id='word_1_367' title='bbox 536 4611 653 4689; x_wconf 81' lang='grc' dir='ltr'><strong><em>’Λρδέλας</em></strong></span> <span class='ocrx_word' id='word_1_368' title='bbox 669 4614 778 4671; x_wconf 84' lang='lat' dir='ltr'><strong>Alniot.</strong></span> <span class='ocrx_word' id='word_1_369' title='bbox 799 4613 876 4670; x_wconf 68' lang='grc' dir='ltr'><strong><em>Μαι.</em></strong></span> 
     </span>
    </p>

    <p class='ocr_par' dir='ltr' id='par_1_14' title="bbox 184 4706 1004 4783">
     <span class='ocr_line' id='line_1_45' title="bbox 184 4706 1004 4783; baseline -0.002 -22"><span class='ocrx_word' id='word_1_370' title='bbox 184 4706 215 4762; x_wconf 78' lang='lat' dir='ltr'><strong><em>B.</em></strong></span> <span class='ocrx_word' id='word_1_371' title='bbox 235 4712 348 4780; x_wconf 75' lang='lat' dir='ltr'><em>penult.</em></span> <span class='ocrx_word' id='word_1_372' title='bbox 369 4706 441 4781; x_wconf 87' lang='grc' dir='ltr'><strong><em>παρά</em></strong></span> <span class='ocrx_word' id='word_1_373' title='bbox 458 4707 577 4783; x_wconf 76' lang='grc' dir='ltr'><strong><em>ἐραστὴν]</em></strong></span> <span class='ocrx_word' id='word_1_374' title='bbox 597 4707 660 4773; x_wconf 78' lang='grc' dir='ltr'><strong><em>ΒΕ.</em></strong></span> <span class='ocrx_word' id='word_1_375' title='bbox 692 4706 791 4783; x_wconf 66' lang='lat' dir='ltr'><strong>Vulgo</strong></span> <span class='ocrx_word' id='word_1_376' title='bbox 808 4707 874 4782; x_wconf 75' lang='grc' dir='ltr'><strong><em>προς</em></strong></span> <span class='ocrx_word' id='word_1_377' title='bbox 889 4706 1004 4780; x_wconf 61' lang='grc' dir='ltr'><strong><em>ἐραστὴν.</em></strong></span> 
     </span>
    </p>
   </div>
   <div class='ocr_carea' id='block_1_9' title="bbox 0 0 1552 4994">
    <p class='ocr_par' dir='ltr' id='par_1_15' title="bbox 0 0 1552 4994">
     <span class='ocr_line' id='line_1_46' title="bbox 0 0 1552 4994; baseline 0 0"><span class='ocrx_word' id='word_1_378' title='bbox 0 0 1552 4994; x_wconf 95' lang='lat' dir='ltr'><strong><em> </em></strong></span> 
     </span>
    </p>
   </div>
  </div>
 </body>
</html>
