3036 4994
107 187 165 252 tto

172 363 201 418 p.
220 350 268 410 to,
287 349 330 403 12.
365 342 481 416 ἅμεηός]
516 341 562 397 Ite
583 340 662 399 edidi
685 359 700 398 ε
720 341 752 398 Β.
772 340 807 401 E.
833 352 862 399 et
887 342 917 400 id
941 339 1197 417 henewyttenh.
1224 337 1400 411 coniectura

104 446 169 493 erat
185 447 347 495 assecutus.
384 437 518 492 Reislius
536 437 682 509 conjecitt
700 431 850 507 ἇφικὸμενος
866 434 920 508 dyo
936 442 977 492 od
991 437 1036 505 sip
1051 430 1192 506 ἅλὴυειαν.
1219 431 1329 508 Vulgo
1345 429 1399 505 dyc·

104 529 166 593 δός.
199 530 276 587 Plut.
294 529 330 586 de
347 535 391 584 ΕΙ
402 527 508 603 Delph.
525 546 555 600 p.
573 533 625 586 384
641 527 674 587 F.
710 527 788 599 ὄρεξιν
804 530 913 598 ἐμποιῶν
929 523 1052 600 ελγειμὸν
1069 528 1176 597 inlotis
1195 523 1350 597 α’λὴθεεαν.
1371 526 1399 582 tlt

103 624 174 680 fort.
191 623 278 682 Alex.
295 640 324 695 p.
344 628 394 680 333
411 620 447 679 Β.
479 617 560 694 ἦμαρ
578 617 653 691 φύσις
669 619 794 693 ἄγαμός
811 628 877 676 ἐστιν
893 619 939 694 ἀφ’
958 619 1045 690 ἱαυεῆς
1060 619 1125 694 πρὸς
1140 621 1174 675 τὸ
1192 612 1294 675 amir.
1331 614 1392 674 Vide

104 712 235 774 Lobcck.
254 713 291 770 ad
308 713 420 786 Phryu.
438 732 468 788 p.
487 720 545 773 stt.
573 712 713 771 Sintcnis.
730 714 768 771 ad
785 714 860 771 Plut.
877 713 983 774 Periel.
1001 732 1031 788 p.
1049 721 1091 773 57.

172 882 203 937 Ρ.
221 868 270 930 50,
290 870 332 922 12.
366 860 398 918 τὸ
414 860 538 933 ἆληθείας
556 855 658 939 πεδίον]
692 863 768 920 Plat.
785 860 911 920 Phaedr.
930 882 960 938 p.
979 867 1029 920 248
1046 861 1081 922 Β.
1105 859 1138 917 οὗ
1155 857 1187 916 δ’
1206 853 1277 928 ἕνεχ’
1297 852 1319 929 ἦ
1333 859 1398 926 nolli

105 956 205 1026 σπουδὴ
224 955 259 1010 τὸ
283 951 447 1024 ἀληθείας
464 959 524 1011 ἰδεῖν
543 960 656 1012 πεδίον
678 954 710 1011 ot't
726 963 808 1020 λσαιν,
824 953 929 1025 dordr}
954 953 1116 1028 προσήκουσα
1138 954 1230 1026 ψυχῆς
1259 950 1299 1022 αὖ
1318 950 1399 1025 delon!

105 1047 170 1122 tropo}
188 1056 214 1104 lat
232 1049 280 1104 τοῦ
299 1056 348 1105 ἐκεῖ
364 1049 524 1120 λειμῶνος
538 1047 656 1120 τυγχάνει
672 1047 737 1104 οὖσα
754 1059 810 1106 etc.
835 1048 879 1103 De
890 1047 1044 1104 Platonico
1063 1046 1114 1102 illo
1128 1064 1244 1120 campo
1264 1046 1399 1110 veriulit,

107 1143 243 1198 certatim
267 1161 286 1198 ο
309 1139 525 1217 posterioribus
550 1140 746 1217 scriptoribus
766 1143 928 1200 imitatione
954 1139 1119 1209 celebrato,
1147 1138 1337 1197 doctissime
1352 1139 1401 1214 egit

106 1235 174 1298 Ast.
191 1234 229 1293 ad
245 1235 373 1296 Phaedr.
389 1254 419 1310 p.
437 1243 499 1296 422.
517 1245 547 1293 et
563 1235 713 1293 Phaedon.
729 1255 759 1312 p.
778 1243 838 1295 787.

173 1403 203 1460 Ρ.
223 1388 274 1456 50,
293 1391 335 1448 tt.
369 1382 401 1441 od
422 1412 455 1428 -
476 1388 579 1458 ἵδρυται
599 1382 703 1449 κᾶλλος]
739 1383 812 1440 Plat.
832 1382 960 1443 Phaedr.
986 1387 1086 1472 pt254
1101 1378 1138 1438 B.
1175 1379 1289 1444 idcircor
1317 1383 1346 1436 dl
1364 1378 1401 1435 nti

22 1519 25 1525 ⁷
105 1472 208 1547 ἧνιὸχου
229 1472 245 1546 ’l
264 1476 349 1549 μνήμη
364 1478 428 1549 πρὸς
447 1475 494 1547 τὴν
511 1478 560 1532 τοῦ
582 1476 689 1540 κάλλους
713 1477 791 1550 φύσιν
812 1473 924 1547 ἠνέχθη,
951 1483 995 1532 καὶ
1018 1473 1094 1531 πάλιν
1111 1477 1177 1531 εἶδεν
1203 1470 1322 1543 istisin
1347 1469 1403 1544 μειῦ

107 1566 269 1642 σωφροσύνης
286 1576 316 1625 ἔν
332 1567 417 1640 ἁγνῷ
432 1569 548 1643 βάθρῳ
565 1571 727 1640 βεβῶσαν,
752 1568 804 1627 ubi
821 1588 850 1631 v.
867 1569 935 1630 Ast.
952 1589 982 1645 p.
999 1577 1060 1629 477.

173 1734 203 1790 p.
222 1722 272 1784 50,
291 1723 334 1776 13.
367 1715 554 1785 ἀσπάσασθαι]
595 1717 705 1792 Supple
729 1713 809 1783 uiri,
838 1717 869 1772 τὸ
894 1714 1001 1784 κάλλος,
1034 1717 1113 1793 quod
1144 1734 1264 1773 moneo
1288 1725 1402 1791 propter

106 1807 257 1864 Reiskium
279 1818 308 1864 et
328 1806 482 1882 Wyttenh.
500 1810 551 1885 qni
575 1811 765 1884 conjecerant
789 1808 896 1876 κάλλος,
920 1807 937 1863 3
959 1804 1147 1877 ἀσπάσασθαι,
1178 1809 1270 1885 qnod
1286 1812 1403 1873 ‚incente

107 1900 227 1958 Hntten.
245 1896 368 1977 reecpit.
403 1902 448 1958 De
469 1901 514 1959 cd
533 1901 628 1977 χρόνον
647 1902 714 1959 vide
732 1902 768 1959 ad
786 1901 915 1975 Enthyd.
932 1922 961 1977 p.
981 1909 1023 1963 1³.

173 2073 203 2128 p.
222 2058 269 2120 50,
289 2059 332 2111 14.
365 2052 534 2122 naccinae]
560 2054 605 2109 lta
621 2051 714 2109 edidit
724 2049 879 2126 Wyttenh.
898 2071 936 2109 ex
950 2050 986 2114 B.
999 2048 1033 2111 E.
1053 2051 1199 2113 etlleislt.
1221 2055 1399 2128 conjectura.

21 2197 23 2201 .
108 2144 210 2221 Vulgo
226 2147 380 2202 ποδοῦνεαι.

175 2299 269 2369 p.50,
289 2299 333 2353 14.
365 2296 541 2366 ἐξαναφέρων]
574 2298 702 2369 ὶξαφέηων
723 2293 790 2351 Ald.
811 2292 881 2353 Bas.
915 2292 960 2349 De
980 2293 1010 2352 lt.
1031 2310 1061 2352 v.
1086 2292 1155 2349 vide
1178 2292 1344 2373 Wyttenh.
1361 2290 1394 2349 td

110 2386 184 2443 Plut.
199 2386 234 2443 de
251 2405 317 2443 sera
334 2385 415 2446 vind
433 2405 512 2444 num.
530 2405 560 2459 p.
581 2394 632 2446 550
650 2388 682 2446 C.
718 2386 825 2447 Bachr.
844 2385 881 2443 ad
897 2385 993 2443 Alcih.
1012 2405 1042 2460 p.
1061 2391 1121 2445 258.
1160 2385 1291 2444 Errore
1307 2403 1391 2461 operm

109 2498 176 2536 rum
192 2480 224 2536 in
241 2496 321 2537 meae
337 2479 409 2536 edit.
426 2489 509 2537 textu
524 2478 633 2553 legitur
649 2485 808 2552 λεανοφίρον.
1206 2474 1209 2479 ’

176 2631 334 2703 Ρ.,50,15.
369 2625 433 2703 οὔτῇ
448 2634 495 2701 μὲν
511 2648 556 2682 oen
572 2623 604 2682 οὗ
622 2626 750 2696 πλησιάζει
766 2624 856 2701 puppi]
891 2627 936 2682 lla
959 2643 1026 2682 cum
1045 2625 1168 2684 Hutlen.
1195 2627 1304 2697 edidi,
1333 2626 1396 2686 llo.

110 2732 239 2781 occutus.
274 2719 370 2796 Vulgo
388 2716 452 2790 οὖνὴ
470 2716 715 2792 patrociniorum.
750 2717 813 2791 αὐτῇ
832 2751 862 2764 -
879 2720 949 2792 ψυχῇ
966 2720 1055 2775 etiam
1070 2718 1239 2791 Wyttenh.
1259 2709 1396 2798 reposuit,

110 2815 198 2873 simul
218 2825 316 2871 tamen
335 2811 466 2888 probans
484 2811 562 2871 Mez.
588 2809 651 2879 οὖν,
672 2811 815 2868 dirimens
839 2811 929 2868 verba
951 2810 1067 2869 ἐνταῦθα
1090 2810 1169 2868 πάλιν
1192 2825 1395 2889 πεμκομιηιε
1435 2836 1437 2883 ;

109 2909 254 2984 proximis
270 2907 381 2980 majore
399 2906 598 2963 distinctione.
635 2904 694 2962 Sed
712 2922 791 2961 nunc
806 2905 889 2962 aliter
904 2908 1000 2962 sentio
1013 2906 1170 2981 locumque
1187 2910 1241 2966 sic
1260 2912 1397 2987 integrum
1435 2896 1437 2905 ¹

110 3013 139 3058 et
156 3021 260 3058 sanum
278 3001 425 3074 praestari
446 2997 551 3055 credo:
581 2994 696 3054 ἐνταῦθα
723 3004 750 3054 tt
776 2998 850 3055 πάλιν
866 3008 1048 3072 πεμπομένων,
1068 2997 1133 3072 αὐτῇ
1150 3007 1203 3073 μὲν
1225 3000 1264 3057 or't
1280 3002 1398 3074 πλησιάζει

107 3095 139 3166 τῇ
168 3095 244 3167 ψυχῇ.
277 3094 389 3151 Vitium
407 3110 443 3148 ne
468 3090 619 3167 lleiskium
643 3091 761 3168 quidem
787 3093 908 3151 latuisse
925 3092 1060 3160 videtur,
1089 3093 1142 3168 qui
1164 3096 1327 3170 coniecit:
1353 3099 1397 3151 du

110 3188 158 3241 τῶν
174 3187 288 3242 ἐνταῦθα
304 3196 360 3243 etc.
394 3182 564 3256 Xylender:
591 3184 648 3239 huc
663 3202 785 3241 rursum
800 3185 921 3255 missis,
944 3184 1019 3260 'ipsa
1033 3184 1155 3260 quidem
1165 3205 1233 3263 per
1251 3207 1286 3255 sc
1303 3189 1396 3247 onim

110 3297 170 3336 non
187 3277 396 3350 congreditur,
412 3275 466 3332 scd
478 3283 670 3352 percorpus.

176 3446 205 3501 p.
224 3431 271 3494 50,
290 3431 333 3485 17.
367 3421 406 3497 ἐφ’
426 3425 536 3492 tomis]
571 3419 616 3495 εἶφ’
637 3425 732 3481 ἑαυτῶν
754 3424 847 3486 Turn.
865 3426 949 3486 Vulc.
968 3437 997 3484 ct
1015 3388 1106 3504 Bong.
1142 3426 1206 3487 Sed
1225 3429 1299 3488 ride
1317 3429 1395 3502 wyt-

109 3518 245 3580 tenhach.
268 3519 305 3576 od
330 3517 407 3579 Plut.
430 3518 465 3575 de
489 3527 564 3579 rect.
590 3517 658 3578 aud.
678 3529 735 3577 rat.
761 3540 789 3594 p.
807 3527 840 3578 41
858 3523 891 3578 Β.
927 3519 1099 3583 Stallhanm.
1125 3520 1162 3579 ad
1187 3523 1278 3583 Plan·
1301 3523 1393 3597 Symp.

109 3630 139 3687 p.
159 3617 218 3671 103.

175 3782 205 3838 p.
224 3767 272 3831 50,
291 3768 332 3822 tt.
368 3762 557 3832 δωδεκαέδρων]
593 3759 785 3816 Dodecaedro
802 3761 895 3817 vvPlato
917 3758 1042 3837 figuram
1064 3761 1166 3819 mundi
1190 3769 1392 3842 compararit,

106 3876 136 3914 v.
148 3856 224 3912 Plut.
246 3855 281 3912 dc
299 3855 357 3912 def.
376 3854 487 3913 oracul.
505 3873 535 3928 p.
553 3859 602 3911 42³
620 3854 656 3909 Α.
672 3872 700 3928 p·
717 3861 768 3913 427
786 3856 823 3913 Α.
842 3853 878 3915 Β.
896 3874 926 3939 p.
944 3863 995 3915 128
1014 3858 1051 3911 Α.
1066 3854 1104 3914 D.
1123 3855 1159 3910 de
1176 3857 1288 3930 placit.
1306 3862 1394 3937 philo·

107 3950 191 4024 soph.
209 3948 252 4017 11,
271 3956 297 4009 6.
315 3967 345 4022 p.
358 3956 406 4005 887
424 3946 458 4003 C.
494 3947 614 4020 Quaest.
632 3947 876 4022 Platon.·p.100³
893 3949 926 4006 C.
961 3948 1160 4006 Mathematici
1176 3950 1307 4025 pueris,
1326 3973 1395 4012 non-

106 4042 176 4099 dnm
199 4043 327 4099 adsuetis
358 4040 599 4115 contemplationi
626 4041 787 4097 formarum
813 4043 949 4116 corporis
978 4053 1007 4098 et
1032 4044 1180 4119 passionis
1209 4051 1394 4120 expertium,

106 4156 173 4193 curn
197 4136 255 4193 alia
281 4135 393 4191 tactilia
417 4145 447 4190 et
471 4134 566 4191 visilia
591 4130 768 4208 effingebant
792 4136 984 4209 sphaerarum
1013 4147 1042 4192 et
1070 4133 1217 4195 cuborum
1242 4143 1395 4219 exempla,

103 4240 166 4286 tum
189 4230 272 4304 pilos
301 4228 458 4284 duodecim
488 4227 615 4282 laterum
645 4227 871 4294 coriariorum,
908 4228 1013 4304 quibus
1042 4228 1229 4287 illustrarent
1261 4233 1397 4292 Platonis

105 4323 279 4379 doctrinam.
314 4321 349 4376 Id
368 4319 542 4379 concludere
560 4335 614 4393 par
631 4328 676 4373 est
692 4337 729 4373 ex
745 4319 819 4376 Plat.
838 4321 946 4378 Phaed.
963 4342 992 4397 p.
1012 4328 1062 4380 110
1078 4322 1112 4378 Β.
1144 4323 1251 4396 πρῶτον
1266 4334 1320 4399 μὲν
1339 4335 1398 4385 attat

104 4412 240 4483 τοιαύτηῆ
260 4415 291 4485 μῆ
309 4412 372 4484 αὕτη
390 4417 464 4482 ἰδεῖν,
490 4419 566 4474 εἴτις
583 4407 684 4465 ἄνωθεν
700 4412 803 4481 desino,
828 4411 956 4489 donepul
973 4409 1224 4470 δωδεκάσκυτοι
1242 4432 1400 4495 σφαῖραι,

105 4511 220 4574 ποικίλη,
234 4504 350 4580 χρώμασι
366 4510 537 4578 διειλημμένη,
554 4503 647 4562 ὤνκαὶ
667 4504 700 4559 τὰ
722 4506 814 4563 ἐνθάδε
831 4514 896 4564 εἶναι
910 4506 1033 4599 χρῶμοτμ
1050 4505 1133 4580 αἷσπερ
1151 4513 1292 4582 δείγματα.
1327 4514 1397 4573 Rern
