3036 4994
188 196 227 259 6²
621 248 624 255 .
666 188 1001 260 HAO-YTAPXOY

180 350 277 417 Ὅσοι
297 352 333 417 δέ
350 351 396 436 μὴ
417 355 513 418 κακοὶ
525 349 702 440 πεφυκότες
718 351 974 435 ἐξηπατήθησαν
993 351 1015 435 ἡ
1029 348 1300 439 κατεβιάσθησαν
1322 354 1478 420 ἐνδοῦναι

187 459 244 520 καὶ
259 459 439 541 παρασχεῖν
454 455 599 534 ἑαυτούς,
613 453 729 522 οῦδένα
740 460 869 538 μᾶλλον
882 456 1070 544 ἀνθρώπων
1080 455 1102 539 ἢ
1114 459 1193 536 τοῦς.
1200 460 1379 536 διαθέντας
1391 458 1478 546 ύφο-

187 557 325 646 ρώμενοι
339 562 394 622 καὶ
409 562 576 642 μισοῦντες
597 559 797 649 διατελοῦσι,
821 563 878 625 καὶ
894 563 1015 648 πικρῶς
1037 560 1214 645 ἀμύνονται
1230 565 1347 646 καιροῦ
1365 587 1477 649 παρα-

173 654 309 736 δόντος.
344 657 520 745 Ἀρχέλαόν
534 684 568 725 τε
583 663 646 747 γάρ
659 661 817 729 ἀπέκτεινε
836 667 988 750 Κρατέας
1003 664 1160 753 ἐρώμενος
1174 665 1325 750 γεγονώς·
1343 668 1402 731 καὶ
1419 667 1479 732 τόν

191 763 334 846 Φεραῖον
344 760 557 851 Ἀλέξανδρον
566 763 768 843 Πυθόλαος·
794 769 1000 857 Περίανδρος
1013 771 1048 835 δέ
1061 766 1080 834 ό
1092 769 1340 853 Ἀμβρακιωτῶν
1360 766 1482 856 τύραν-

184 887 241 942 νος
255 864 363 954 ἠρώτα
376 867 433 930 τόν
447 867 622 955 ἐρώμενον,
642 864 673 934 εἰ
685 869 781 955 μὴπω
794 871 877 950 κύει,
896 871 1042 950 κάκεῖνος
1058 871 1276 958 παροξυνθεὶς
1293 871 1477 937 ἀπέκτεινεν

120 981 171 1033 769
187 966 294 1033 αῦτόν.
330 966 578 1052 Ἆλλὰγυναιξί
602 997 637 1057 γε
660 977 814 1057 γαμεταῖς
835 973 933 1060 ἀρχαὶ
954 979 1057 1041 ταῦτα
1080 975 1208 1064 φιλίας,
1242 969 1348 1064 ὥσπερ
1380 976 1479 1063 ἱεροῦν

182 1070 331 1156 μεγάλων
352 1072 590 1159 κοινωνήματα.
629 1077 699 1141 Καὶ
718 1076 756 1141 τό
776 1083 830 1158 ,τῆς
848 1077 967 1159 ἡδονῆς
988 1077 1124 1166 μικρόν·
1151 1077 1172 1158 ἡ
1202 1080 1237 1144 δέ
1261 1077 1328 1144 ἀπό
1352 1079 1478 1161 ταύτης

185 1173 479 1258 ἀναβλαστάνουσα
504 1177 585 1242 καθ’
613 1176 738 1266 ἡμέραν
763 1182 839 1264 τιμὴ
864 1183 920 1246 καὶ
941 1181 1035 1271 χάρις
1059 1185 1116 1248 καὶ
1142 1179 1303 1266 ἀγάπησις
1326 1180 1477 1262 ἀλλήλων

183 1281 239 1344 καί
258 1278 373 1357 πίστις,
396 1279 468 1345 elice
485 1282 631 1372 Δελφούς
652 1285 768 1370 ἐλέγχει
787 1287 980 1374 ληροῦντας,
1002 1281 1052 1351 ότι
1072 1286 1131 1366 τὴν
1146 1283 1346 1374 Ἀφροδίτην
1357 1280 1476 1372 (Ἅρμα

183 1383 356 1460 καλοῦσιν,
374 1381 446 1449 οῦτε
459 1379 606 1474 Ὅμηρον
625 1388 786 1476 φιλότητα
808 1390 866 1468 τὴν
886 1387 1038 1471 τοιαύτην
1056 1388 1340 1477 προσαγορεύοντα
1358 1409 1477 1455 συνου-

184 1485 274 1550 σίαν·
306 1484 364 1550 τόν
388 1509 422 1553 τε
444 1487 582 1554 Σόλωνα
609 1495 771 1576 μαρτυρεῖ
791 1493 957 1575 γεγονέναι
982 1493 1045 1555 τῶν
1067 1495 1213 1576 γαμικῶν
1239 1490 1489 1576 ἐμπειρότατον,

183 1589 386 1682 νομοθέτην,
415 1589 610 1660 κελεύσαντα
632 1591 678 1675 μὴ
699 1590 834 1656 ἔλαττον
857 1589 877 1671 ἡ
896 1595 965 1676 τρίς
984 1591 1067 1656 κατὰ
1085 1596 1175 1677 μῆνα
1192 1595 1231 1682 τῇ
1249 1595 1372 1685 γαμετῇ
1392 1582 1477 1674 πλη-ι

184 1690 322 1772 σιάζειν,
353 1692 411 1778 οὐχ
427 1693 548 1774 ἡδονῆς
574 1694 682 1760 ἕνεκα·
710 1694 839 1777 πόθεν,Ι
868 1693 937 1759 ἀλλ’
961 1688 1066 1780 ὥσπερ
1091 1697 1127 1759 αἱ
1145 1694 1255 1773 πόλεις
1275 1696 1330 1761 διά
1352 1696 1474 1781 χρόνοι

108 1850 116 1877 ,
131 1799 156 1859 Β
186 1796 329 1872 σπονδὰς
342 1797 647 1885 ἀνανεοῦνταιπρός
659 1797 816 1877 ἀλλήλας,
838 1793 937 1876 οῦτως
950 1796 1016 1885 ἀρα
1029 1796 1229 1881 βουλόμενον
1242 1797 1474 1866 ἀνανεοῦσθαι

184 1898 241 1963 τόν
258 1897 364 1983 γάμον
384 1901 417 1965 ἐκ
432 1903 495 1966 τών
514 1899 663 1965 ἑκάστοτε
681 1903 918 1983 συλλεγομένων
936 1900 1206 1988 δυσχερασμάτωυ
1225 1900 1258 1964 ἐν
1277 1903 1317 1991 τῇ
1335 1903 1474 1994 τοιαύτη
1499 1892 1511 1919 ’“

184 2002 421 2094 φιλοφροσύνη.
455 2002 557 2070 Ἀλλά
581 2005 687 2070 πολλά
712 2007 825 2095 φαῦλα
844 2011 903 2071 καὶ
921 2005 1044 2090 μανικά
1071 2004 1134 2079 τών
1153 2006 1312 2086 γυναικών
1336 2004 1475 2090 ἐρώτων.

195 2106 235 2172 Τί
254 2108 288 2173 δέ
303 2106 373 2195 οῦχὶ
391 2109 527 2175 πλείονα
546 2111 610 2175 τών
630 2109 806 2192 παιδικῦνς

381 2235 583 2323 Οίκειότητος
603 2240 768 2323 ἐμβλέπων
786 2237 985 2305 ὠλίσθανον.

375 2341 534 2426 Ἀγένειος
561 2341 687 2420 ἁπαλός
714 2345 770 2406 καὶ
790 2342 922 2420 νεανίας
941 2339 1057 2420 καλός,
1077 2384 1079 2389 »

374 2442 526 2534 Ἐμφύντ’
548 2447 735 2511 ἀποθανεῖν
754 2443 1025 2531 κάπιγράμματος
1044 2449 1158 2529 τυχεῖν.

181 2569 266 2636 Ἀλλ’
292 2564 397 2657 ὥσπερ
420 2576 514 2636 τοῦτο
538 2572 741 2654 παιδομανία
768 2571 805 2635 τό
829 2569 960 2646 πάθος,
989 2568 1156 2657 οὐδέτερον
1186 2573 1220 2635 δέ
1239 2571 1344 2655 ’Έρως
1373 2570 1473 2637 ἐστίν.

175 2673 318 2748 ’Ἁτοττον
340 2665 398 2743 οὖν
417 2674 454 2740 τό
473 2673 618 2758 γυναιξίν
639 2673 754 2762 ἀρετῆς
775 2671 881 2762 φάναι
899 2669 974 2754 μηδ’
995 2669 1095 2750 ἀλλης
1116 2676 1274 2759 μετεῖναι·
1313 2672 1345 2735 τί
1369 2674 1403 2735 δέ
1425 2676 1482 2738 δεῖ

184 2780 286 2864 λέγειν
306 2781 380 2865 περὶ
400 2775 613 2867 σωφροσύνης
630 2780 685 2855 καὶ
704 2778 859 2852 συνέσεως
879 2772 997 2850 αὐτῶν,
1018 2770 1065 2837 ἔτι
1086 2773 1120 2838 δέ
1139 2773 1275 2850 πίστεως
1294 2777 1349 2837 καὶ
1368 2775 1479 2840 δικαι-

185 2882 318 2964 οσύνης,
352 2876 435 2947 όπου
453 2883 508 2945 καὶ
531 2879 568 2945 τὸ
590 2879 739 2967 ἀνδρεῖον
761 2877 874 2944 καὶτὸ
893 2874 1084 2964 θαρῥαλέον
1103 2878 1160 2941 καὶ
1180 2875 1218 2941 τό
1239 2875 1478 2965 μεγαλόψυχον

134 2997 157 3055 C
184 2988 218 3053 ἐν
235 2990 372 3062 πολλαῖς
394 2986 548 3073 ἐπιφανές
574 2985 701 3067 γέγονες
726 2980 833 3070 φάναι
851 2983 886 3046 δέ
906 2980 987 3068 πρὸς
1006 2980 1047 3044 τό
1072 2977 1158 3044 ἀλλα
1184 2980 1269 3044 καλό
1289 2980 1347 3059 τὴν
1369 2980 1474 3068 φύσιν

185 3088 305 3167 αῦτών,
327 3087 394 3152 ἀλλ’
416 3084 438 3168 ἡ
457 3073 619 3176 ψέγοντας
639 3080 684 3163 είς
698 3084 802 3169 μόνην
822 3083 937 3168 φιλίαν
952 3079 1160 3169 ἀνάρμοστον
1179 3080 1374 3171 ἀποφαίνειν
1387 3106 1472 3148 παν-

183 3192 310 3258 τάπασι
332 3190 446 3256 δεινόν.
485 3191 554 3254 Καὶ
572 3190 636 3279 γὰρ
660 3187 842 3274 φιλότεκνοι
862 3190 918 3252 καὶ
938 3185 1131 3274 φίλανδροι,
1150 3189 1207 3251 καὶ
1223 3185 1262 3250 τό
1283 3187 1471 3271 στερκτικὸν

185 3291 267 3372 όλως
285 3297 319 3360 ἐν
337 3293 468 3375 αῦταῖς,
488 3278 593 3382 ώσπερ
613 3291 732 3380 εῦφυὴς
749 3289 838 3378 χώρα
858 3293 914 3356 καὶ
939 3287 1064 3366 δεκτικὴ
1084 3286 1214 3376 φιλίας,
1234 3285 1306 3352 ούτε
1328 3290 1470 3363 πειθοῦς

184 3398 257 3466 οῦτε
275 3399 415 3486 χαρίτων
434 3397 574 3485 ἀμοίρου
592 3395 763 3462 ὑπόκειται.
803 3393 973 3480 Καθάπερ
991 3394 1026 3457 δέ
1045 3390 1130 3482 λόγῳ
1150 3391 1278 3472 ποίησις
1295 3390 1468 3474 ἡδύσματα

181 3504 262 3587 μέλη
288 3507 345 3569 καὶ
371 3502 474 3591 μέτρα
502 3504 559 3566 καὶ
583 3500 731 3591 ῥυθμοὺς
760 3495 999 3588 ἐφαρμόσασα,
1032 3499 1089 3560 καὶ
1117 3494 1155 3561 τό
1183 3496 1337 3560 παιδεῦον
1367 3493 1468 3558 αὐτοῦ

183 3753 219 3812 F.
245 3758 270 3810 8.
305 3747 440 3827 Κρατέας]
462 3751 616 3826 Wyttcnb.
636 3771 651 3808 e
670 3744 798 3825 Xyland.
818 3752 989 3826 conjectura
1012 3758 1041 3805 et
1058 3747 1127 3807 Bas.
1146 3745 1237 3803 edidit
1253 3745 1397 3820 Κρατιέως.

183 3846 220 3904 Α.
247 3853 271 3904 l.
305 3853 404 3919 γυναιξί
416 3851 460 3920 γε]
485 3846 584 3905 Reisk.
618 3847 715 3922 Vulgo
731 3851 829 3918 γυναιξί
842 3869 877 3902 τε.

183 3939 216 4001 Β.
241 3947 267 4000 l·
300 3943 470 4014 βουλόμενον]
494 3940 592 3999 Ηθίείί.
612 3942 654 3998 W
656 3938 767 4014 yttenb.
802 3939 898 4014 Vulgo
921 3935 1079 4010 βουλόμενοι.
1121 3934 1191 4008 Xyl.
1214 3944 1243 3989 et
1266 3933 1342 3993 Moz.
1367 3930 1464 4005 βουλό-

332 4057 413 4106 μενος.
723 4051 725 4053 ·

182 4126 215 4185 Β.
241 4134 268 4186 2.
303 4124 522 4201 δυσχερασμιίτων]
540 4127 712 4184 Gatnkerus.
747 4126 842 4202 Vulgo
861 4122 1004 4198 σχημάτων.

181 4216 215 4276 Β.
240 4225 267 4280 3.
300 4221 351 4275 τόν
366 4222 488 4290 γυναικών
504 4221 613 4294 ἐρώτων]
638 4221 674 4281 Ε.
709 4219 805 4295 Vulgo
821 4219 870 4277 τών
884 4216 1005 4288 γυναικών
1021 4213 1139 4288 ἐρώντων.
1169 4211 1326 4286 Wyttenb.
1345 4231 1360 4268 e
1379 4212 1459 4270 Μῦν..

330 4314 420 4371 edidit
435 4316 486 4370 τών
501 4321 646 4386 γυναικείων
660 4308 783 4383 Ἐρώτων.

180 4403 213 4462 Β.
237 4412 263 4466 5.
299 4406 465 4478 οἰκειότητος]
489 4408 523 4466 Ε.
558 4406 654 4480 Vulgo
672 4403 823 4475 οἰκειότητα.
859 4388 935 4458 Tum
955 4400 1220 4474 interpunctionem
1236 4400 1361 4463 mutavi,
1392 4417 1459 4452 cuin

328 4503 416 4577 vulgo
433 4504 546 4558 minore
561 4501 797 4575 interpunctione
811 4495 991 4554 incideretur
1004 4504 1072 4569 post
1088 4490 1244 4562 όλίσυανον,
1264 4494 1374 4567 majore
1391 4503 1459 4566 post

327 4597 411 4660 καλός.

152 4690 198 4771 fl.
224 4698 247 4748 7.
286 4688 411 4762 ἐμφύντ’]
430 4687 524 4766 Vulgo
541 4684 664 4762 ἐμφύντα.
699 4679 1062 4754 ΒΕ,Α1(1.Βοε.ἐνφῦντα.
