3036 4994
170 183 209 250 76
648 177 977 246 IlAOYTAPXOY

172 335 327 428 Στράτων
345 360 381 422 γε
400 336 499 422 εἴχετο
519 337 575 415 τῆς
592 337 780 421 παρθένου·
803 333 1059 423 ἀντελαμβάνετο
1080 336 1132 415 δὲ,
1152 333 1193 412 ὡς
1209 324 1309 410 εἰκός,
1329 330 1458 396 όΚαλ-

170 443 327 521 λισθένης
346 440 380 505 έν
399 441 504 525 μέρει,
532 440 588 502 καὶ
607 441 640 503 οἱ
659 437 718 504 σύν
737 438 837 529 αὐτῷ,
868 442 926 517 ἕως
948 440 1072 504 ἔλαθεν
1090 437 1111 518 ἡ
1130 441 1208 516 παῖς
1227 438 1262 501 έν
1280 437 1372 522 χερσὶ
1392 435 1458 498 τῶν

170 542 398 609 ἀνθελκόντων
415 542 656 630 διαφθαρεῖσα.
690 539 729 607 ’0
748 543 982 623 Καλλισθένης
999 546 1058 626 μέν
1077 529 1136 606 οὖν
1149 540 1351 625 παραχρῆμα
1364 535 1458 622 ἀφα-

168 645 225 725 νὴς
244 647 385 731 ἐγένετο,
420 643 480 707 εἴτε
503 641 760 727 διαχρησάμενος
782 645 913 725 ἑαυτὸν,
941 646 1001 711 εἴτε
1025 641 1132 732 φυγάς
1156 640 1313 706 ἀπελθὼν
1339 640 1374 703 ἐκ
1399 641 1458 718 τῆς

169 743 337 821 Βοιωτίας.
368 742 432 810 θύα
452 735 513 830 εἶχε
534 743 565 810 δ’
587 737 646 811 οὖν
664 770 711 824 τις
729 744 843 827 εἰπεῖν,
865 742 899 824 ίί,
916 771 948 812 τι
960 751 1017 812 καὶ
1030 738 1205 812 πεπόνθοι.
1239 742 1277 809 ‘0
1298 744 1332 807 δέ
1346 741 1458 830 Στρά-

168 871 231 914 των
248 849 397 937 φανερῶς
417 848 668 938 ἐπικατέσφαξεν
684 850 798 917 έαυιόν
817 853 856 942 τῇ
874 852 1045 940 παρθένῳ.

785 1004 829 1068 Β.

116 1133 143 1190 D
250 1126 360 1194 Φίδων
384 1151 432 1207 τις
456 1130 521 1195 τῶν
545 1129 818 1211 Πελοποννησίων
845 1131 1066 1215 ἐπιτιθέμενος
1089 1125 1188 1220 ἀρχῇ,
1218 1129 1277 1207 τῆν
1297 1125 1457 1212 Ἀργείων

166 1226 281 1311 πόλιν,
309 1230 368 1309 τὴν
385 1232 529 1322 πατρίδα
547 1233 607 1313 τὴν
631 1234 765 1312 έαντού,
796 1232 999 1319 ἡγεμονεύειν
1016 1236 1079 1298 τῶν
1100 1232 1221 1298 λοιπῶν
1240 1228 1456 1314 βουλόμενος,

167 1333 296 1419 πρῶτον
318 1332 523 1417 ἐπεβούλευσε
540 1334 755 1421 Κορινθίοις·
781 1338 914 1423 πέμψας
929 1336 992 1423 γάρ
1010 1334 1078 1427 ᾔτει
1100 1334 1177 1422 παρ’
1199 1332 1303 1399 αύτῶν
1321 1334 1457 1410 νεανίας

168 1435 303 1518 χιλίους,
322 1435 396 1512 τούς
411 1433 498 1524 ἀκμῇ
511 1435 729 1520 διαφέροντας
741 1438 794 1499 ταὶ
807 1435 954 1525 ἀνδρεία·
975 1439 1007 1501 οἱ
1020 1438 1055 1500 δὲ
1067 1439 1229 1521 πέμπουσι
1243 1437 1314 1512 τοὺς
1324 1435 1457 1521 χιλίους,

167 1536 347 1624 στρατηγόν
369 1535 475 1602 αὐτῶν
497 1534 723 1614 ἀποδείξαντες
741 1535 932 1624 Δέξανδρον.
975 1535 1032 1602 Ἐν
1057 1539 1103 1627 νῷ
1128 1537 1162 1600 δ’
1189 1536 1311 1622 έχωνὸ
1343 1537 1456 1604 Φίδων

165 1639 350 1703 ἐπιθέσθαι
372 1635 512 1717 τούτοις,
536 1631 578 1702 ἵν’
598 1634 667 1723 ἔχοι
685 1637 862 1725 Κόρινθον
882 1637 1103 1725 ἀτονωτέραν,
1129 1643 1186 1704 καὶ
1206 1643 1246 1730 τῇ
1264 1639 1356 1706 πόλει
1375 1641 1456 1728 χρύ-

167 1761 279 1819 σαιτο,
308 1740 519 1826 προτείχισμα
539 1740 603 1826 γάρ
625 1743 719 1807 τούτο
744 1741 991 1829 ἐπικαιρότατον
1013 1740 1153 1806 ἔσεσθαι
1173 1744 1230 1821 τῆς
1250 1738 1328 1820 ὅλης
1346 1745 1456 1810 Πελο-

165 1841 349 1923 ποννησου,
377 1842 436 1922 τὴν
455 1842 573 1930 πρᾶξιν
596 1844 735 1910 ἀνέθετο
754 1848 817 1911 τῶν
836 1844 971 1932 έταίρων
992 1845 1084 1911 τισίν.
1117 1831 1180 1910 Ἦν
1199 1847 1234 1909 δὲ
1254 1851 1310 1910 καὶ
1321 1846 1456 1935 ’Ἅβρων

115 1962 140 2019 Ε
167 1946 202 2011 έν
218 1943 342 2024 αὐτοῖς·
372 1935 465 2025 οὗτος
485 1948 521 2014 δέ
546 1947 634 2029 ξένος
658 1945 703 2014 ῶν
728 1952 786 2014 τού
804 1949 998 2036 Δεξάνδρου,
1026 1945 1171 2038 ἔφρασεν
1193 1947 1279 2037 αὐτῷ
1303 1948 1363 2028 τὴν
1388 1953 1469 2018 ἐπι,

163 2047 296 2131 βουλήν.
333 2050 407 2118 Καὶ
425 2045 526 2132 ούτως
545 2056 655 2140 οἱμὲν
683 2053 838 2121 Φλιάσιοι
865 2054 929 2144 πρό
953 2055 1011 2135 τῆς
1036 2055 1214 2130 ἐπιθέσεως
1234 2050 1279 2130 είς
1303 2053 1364 2134 τὴν
1382 2053 1456 2120 Κό-

167 2154 292 2238 ρινθον
319 2153 512 2236 ε’σύθησαν·
567 2157 677 2223 Φίδων
704 2159 740 2223 δὲ
768 2155 912 2244 ἀνευρεῖν
942 2159 1089 2244 ἐπειρᾶτο
1114 2158 1172 2222 τὸν
1203 2155 1368 2242 προδόντα
1400 2161 1459 2222 καὶ

89 2316 95 2335 ,
168 2257 323 2341 ἐπιμελῶς
345 2256 454 2340 ε’ζύτει.
495 2259 611 2338 Δείσας
633 2258 666 2326 δ’
688 2259 851 2347 όἍβρων
872 2258 982 2349 φεύγει
1001 2256 1046 2338 εἰς
1066 2258 1256 2346 Κόρινθον,
1276 2256 1457 2339 ἀναλαβῶν

164 2359 224 2438 τὴν
240 2367 378 2442 γυναῖκα
392 2366 454 2429 καὶ
477 2364 551 2441 τούς
567 2359 708 2441 οἰκέτας,
739 2366 774 2430 έν
794 2365 967 2454 Μελίσσῳ,
994 2363 1082 2454 κώμη
1100 2365 1161 2428 τινὶ
1180 2364 1236 2441 τῆς
1254 2357 1454 2446 Κορινθίων

163 2459 285 2547 χώρας·
311 2463 399 2530 ἔνθα
420 2468 477 2530 καὶ
499 2467 603 2531 παῖδα
622 2463 781 2550 γεννήσας
808 2467 977 2530 Μέλισσον
1002 2462 1280 2552 προσηγόρευσεν,
1306 2461 1455 2526 ἀπὸτοῦ

164 2560 266 2630 τόπου
279 2567 420 2649 θέμενος
438 2566 581 2651 τούνομα
601 2565 699 2655 αύτῷ.
741 2565 867 2632 Τούτου
885 2567 925 2645 δὴ
944 2568 1003 2631 τοῦ
1022 2566 1192 2630 Μελίσσου
1207 2566 1276 2642 υἱὸς
1292 2562 1452 2628 Ἀκταίων

163 2667 307 2752 γίνεται,
325 2667 497 2746 κάλλιστος
515 2672 573 2734 καὶ
592 2670 860 2757 σωφρονέστατος
878 2670 941 2732 τῶν
960 2666 1136 2751 ὁμηλίκων,
1166 2656 1206 2732 οὗ
1224 2670 1371 2731 πλεῖστοι
1391 2667 1451 2751 μέν

166 2767 310 2855 ἐγένοντο
340 2769 492 2856 έρασταὶ,
524 2767 745 2857 διαφερόντως
775 2769 809 2833 δέ
826 2765 972 2854 Ἀρχίας,
1002 2769 1114 2852 γένους
1144 2772 1204 2851 μέν
1229 2765 1273 2832 ῶν
1299 2770 1358 2833 τοῦ
1386 2769 1450 2833 τῶν

112 2874 137 2932 F-
157 2874 397 2963 Ἡρακλειδῶν,
416 2869 542 2961 πλούτῳ
562 2872 597 2937 δέ
615 2874 670 2936 καὶ
688 2873 727 2962 τῇ
747 2869 827 2960 άλλη
848 2869 983 2956 δυνάμει
998 2869 1228 2959 λαμπρότατος
1242 2872 1450 2957 Κορινθίων.

160 2975 247 3044 Ἐπεὶ
268 2979 302 3043 δὲ
316 2977 446 3044 πείθειν
466 2973 524 3041 οὐκ
540 2972 681 3054 ἠδύνατο
700 2975 759 3039 τὸν
775 2976 894 3053 παῖδα,
913 2971 993 3060 έγνω
1005 2971 1197 3056 βιάσασθαι
1209 2978 1264 3038 καὶ
1281 2974 1449 3060 συναρπά-

164 3099 222 3144 σαι
242 3078 280 3143 τό
303 3076 486 3165 μειράκων,
514 3076 717 3162 ἐπεκώμασεν
736 3079 788 3145 ἐπὶ
812 3079 871 3158 τὴν
894 3074 1004 3146 οἰκίαν
1021 3078 1080 3143 τοῦ
1101 3078 1286 3158 Μελίσσου,
1315 3079 1449 3157 πλῆθος

163 3179 362 3267 ἐπαγόμενος
386 3185 442 3248 καὶ
465 3181 571 3270 φίλων
591 3185 645 3248 καὶ
670 3177 814 3262 οἰκετῶν,
840 3185 897 3248 καὶ
918 3179 1054 3268 ἀπάγειν
1075 3179 1133 3245 τὸν
1157 3181 1260 3263 παῖδα
1283 3182 1449 3268 ἐπειρᾶτο·

163 3283 428 3367 ἀντιποιουμένου
460 3285 495 3349 δέ
525 3287 583 3351 τού
616 3285 740 3375 πατρός
767 3290 824 3351 καὶ
854 3286 918 3351 τῶν
951 3286 1075 3374 φίλων,
1113 3281 1379 3373 ἐπεκδραμόντων
1413 3286 1448 3350 δέ

164 3388 221 3452 καὶ
260 3388 322 3451 τῶν
362 3386 513 3472 γειτόνων
556 3392 613 3455 καὶ
653 3387 903 3468 ἀνθελκόντων,
949 3386 1191 3473 ἀνθελκόμενος
1230 3385 1248 3451 ὁ
1287 3386 1450 3453 Ἀκταίων

100 3513 148 3570 773
164 3487 353 3580 διεφθάρη·
391 3495 448 3558 καὶ
474 3494 507 3556 οἱ
536 3497 596 3578 μὲν
624 3488 723 3571 ούτως
752 3491 949 3583 ἀπεχώρουν.
999 3493 1165 3569 Μέλισσος
1190 3491 1224 3556 δὲ
1248 3488 1306 3554 τὸν
1329 3490 1447 3575 νεκρὸν

163 3594 221 3656 τοῦ
241 3593 358 3672 παιδὸς
377 3591 422 3672 εἰς
446 3596 504 3675 τὴν
528 3594 652 3684 ἀγοράν
676 3597 739 3662 τῶν
763 3595 958 3685 Κορινθίων
978 3594 1224 3681 παρακομίσας,
1253 3592 1447 3671 ἐπεδείκνυε,

164 3693 257 3777 δίκην
288 3695 432 3764 ἀπαιτῶν
467 3699 559 3788 παρά
596 3702 659 3764 τῶν
690 3701 791 3765 ταύτα
825 3696 1036 3786 πραξάντων·
1076 3699 1109 3763 οὶ
1148 3699 1182 3762 δὲ
1222 3697 1321 3762 πλέον
1353 3695 1449 3763 οὐδέν

164 3793 188 3877 ἢ
219 3799 276 3865 τόν
309 3799 415 3890 ἀνδρα
442 3799 568 3881 ἠλέουν.
610 3797 795 3888 ’Ἁπρακτος
826 3801 861 3866 δέ
887 3797 1100 3889 ἀναχωρήσας
1127 3795 1360 3888 παρεφύλασσε
1388 3799 1449 3879 τήν

163 3902 345 3993 πανήγυριν
369 3905 428 3969 τού
446 3902 613 3988 Ἰσθμίου·
650 3903 777 3987 ἀναβάς
804 3927 837 3968 τε
867 3903 920 3968 ε’πὶ
948 3903 1006 3968 τόν
1027 3903 1085 3967 τοῦ
1114 3902 1321 3980 Ποσειδῶνος
1348 3902 1448 3988 νεῶν,

163 4005 305 4091 κατεβόα
323 4008 387 4073 τῶν
398 4009 609 4094 Βακχιαδῶν,
629 4010 763 4089 κοίτην
781 4011 838 4074 τοῦ
857 4006 1159 4097 πατρός’Ἁβρωνος
1175 4006 1359 4094 εὐεργεσίαν
1373 4005 1450 4073 ύπε-

165 4272 200 4331 C.
223 4280 250 4330 6.
284 4271 314 4340 ό,
331 4297 357 4328 τι
373 4280 415 4331 καλ
432 4275 570 4343 πεπόνθοι]
588 4276 678 4334 ΑΒΕ.
698 4275 799 4333 Petav.
834 4273 930 4348 Vulgo
948 4273 978 4341 ό,
993 4298 1019 4330 τι
1035 4281 1078 4330 καὶ
1094 4272 1235 4334 ἐπεπόνθει.

165 4363 203 4425 D.
228 4370 253 4422 l.
292 4370 385 4434 Φίλων]
414 4368 478 4424 ΑΕ.
503 4368 607 4426 venet.
628 4368 728 4424 Petav.
750 4366 818 4424 Ald.
843 4365 912 4426 Bas.
934 4366 1005 4440 Xyl.
1040 4364 1136 4440 Vulgo
1166 4372 1256 4423 Φίλων.
1291 4365 1448 4439 Wytlenb.

315 4460 407 4517 edidit
428 4465 541 4524 (ἀείδων.
562 4472 594 4518 ut
615 4470 785 4519 constanter
802 4458 890 4516 habet
907 4459 942 4519 B.
963 4471 992 4517 et
1013 4463 1056 4518 sic
1074 4459 1160 4516 infra.

164 4549 206 4608 D.
228 4553 254 4609 θ.
287 4548 401 4624 ἀνδρείᾳ]
418 4548 508 4627 ἀνδρία
527 4555 561 4614 Ε.

163 4641 202 4702 D.
221 4640 273 4699 ult.
288 4639 399 4722 Ἅβρων]
419 4645 574 4718 Wyttenb.
594 4647 685 4706 edidit
697 4644 792 4722 Ἅβρων
813 4647 877 4705 sine
893 4644 988 4705 libris.
