3036 4994
167 189 227 255 128

228 366 256 422 p.
276 351 323 412 14,
342 351 385 404 12.
421 339 583 404 ἀπολείπων]
618 343 748 395 ἐπιλείπων
766 336 801 409 Β.-
817 336 887 396 Ald.
906 335 975 393 Bos.

227 483 386 556 p.14,tt.
421 471 515 548 τέτορ’]
549 470 646 546 τέτταρ’
667 471 757 537 Ald.;
781 469 878 546 τέτταρ’
902 452 968 526 Bas.

228 633 257 688 p.
278 617 388 675 14‚14.
425 607 520 678 ἡβώοι]
555 605 600 663 lta
620 604 698 662 edidi
716 623 753 660 ex
775 603 809 663 E.
829 604 923 662 Turn.
943 602 1039 679 Bong.
1073 602 1169 676 Vulgo
1187 609 1250 656 erat
1272 596 1354 670 ἦβιζιη.
1390 595 1461 654 Ale.

160 704 177 773 ἡ·
201 704 273 776 poi„
303 707 369 758 Bas.
389 700 466 771 quiq.
497 702 577 772 ,Cum
601 710 759 774 praecepto
790 698 938 755 Hesiodea
967 699 1113 754 consentit
1138 696 1220 753 Plato
1246 693 1281 749 de
1306 692 1387 767 legg.
1413 689 1467 748 Ν.

162 817 194 872 p.
218 804 266 856 721
286 795 320 853 B.
354 804 442 866 γαμεῖν
467 798 493 849 δὲ
520 793 620 848 ἐπειδὰν
644 794 730 847 triv
754 790 770 864 ᾗ
794 816 833 855 τις
856 790 1058 863 τριάκοντα
1086 795 1214 860 μέχρις
1239 786 1323 841 dcciv
1354 790 1468 839 πέντε

163 895 223 944 καὶ
244 886 450 960 τριάκοντα.
486 886 543 943 VI.
562 906 591 960 p.
613 892 662 943 785
680 885 714 943 B.
731 883 816 957 γάμον
835 890 861 940 δὲ
882 884 944 958 ὅρον
966 891 1028 941 εἶναι
1044 883 1105 957 κόρρ
1126 891 1172 956 μὲν
1193 877 1244 937 dub
1268 881 1468 947 ἑκκαίδεκα

163 983 242 1036 isvis
267 987 312 1042 eir
336 986 457 1044 εἴκοσι,
488 977 531 1033 τόν
554 975 714 1052 μακρότατοι·
735 979 828 1052 χρόνον
853 976 1040 1051 ἇφωριομένον,
1066 977 1131 1048 κόρῳ
1161 980 1187 1030 δὲ
1211 972 1261 1030 ἀπὸ
1286 970 1469 1046 τριάκοντα

162 1083 261 1146 μέχρι
282 1074 344 1128 τῶν
363 1081 456 1128 πέντε
476 1079 528 1126 καὶ
550 1070 737 1145 τριάκοντα.
773 1072 808 1128 de
829 1091 894 1145 rep.
911 1071 947 1127 V.
977 1090 1005 1145 p.
1024 1070 1126 1128 hfihlb.
1156 1066 1196 1140 ἆρ’
1218 1066 1263 1122 οὖν
1287 1087 1329 1120 οοι
1354 1068 1469 1126 ξυνδοκεῖ

162 1175 265 1241 μέτριος
279 1164 373 1241 χρόνος
392 1165 471 1237 durtii:
489 1163 522 1220 τὰ
542 1172 676 1221 εἴκοσιν
699 1173 752 1235 leq
774 1173 888 1235 γυναικί,
914 1159 987 1236 ἇνδρὶ
1007 1167 1033 1218 δὲ
1055 1162 1088 1217 τὰ
1106 1158 1284 1234 τριάκοντα
1292 1199 1300 1224 ,
1328 1155 1380 1212 ubi
1401 1154 1469 1212 ride

165 1262 233 1321 Ast.
247 1261 361 1317 Lociun
375 1259 500 1315 Hesiodi
519 1259 646 1332 explicet
660 1269 741 1314 recto
760 1258 913 1330 Goettling.
932 1276 961 1331 p.
976 1259 1034 1313 tos.
1053 1250 1163 1325 ἡβῶσα
1179 1267 1222 1308 est
1241 1250 1310 1307 iude
1328 1249 1368 1305 uh
1387 1266 1470 1305 οιιιιο

165 1368 277 1427 quarto
295 1351 433 1418 decimu·
461 1351 530 1407 uiro
547 1351 643 1422 igitur
666 1350 754 1405 nubat
777 1350 881 1423 quinto
901 1362 969 1420 post
988 1345 1171 1420 pubertatem
1195 1363 1290 1410 αιωιο,
1317 1341 1365 1398 vei
1389 1341 1470 1399 vitae

166 1444 284 1502 decimo
302 1462 390 1502 ωοωο.
425 1442 531 1499 Pollux
549 1442 578 1507 Ῑ,
598 1444 642 1499 58.
660 1440 721 1495 ὅταν
741 1445 768 1495 δὲ
787 1447 842 1513 εἴπῃ
864 1437 878 1494 ό
896 1435 1019 1500 Ἠσίοδος

505 1556 546 1613 ‘11
561 1564 588 1613 δὲ
604 1556 665 1627 γυνὴ
682 1553 764 1628 τέτορ’
782 1554 860 1626 ἧβῴηι

166 1684 275 1749 τέτταρα
291 1679 334 1730 καὶ
352 1679 411 1730 δέκα
427 1681 469 1743 den
486 1680 563 1744 λέγει,
579 1681 843 1747 προταριθμουμένων
859 1672 909 1725 τῶν
927 1674 995 1727 δέκα.

221 1819 396 1891 .p.1t,15.
432 1816 519 1885 σχεδὸν
535 1814 604 1890 ἡμεῖς
621 1814 693 1872 οὗτοι
710 1814 859 1882 τοσούτοις]
894 1815 993 1871 Locus
1015 1824 1182 1889 corruptus.
1220 1813 1320 1870 Reish.
1342 1814 1472 1886 conjecit

169 1910 259 1976 σχεδόν
281 1909 330 1984 γὰρ
348 1908 418 1981 ἡμεῖς
434 1916 497 1965 ἔτεσι
512 1909 658 1974 τοοοότοις,
687 1908 765 1984 quod
783 1927 844 1964 non
862 1907 1006 1982 displicet.
1038 1905 1196 1979 Wyltenb.
1213 1927 1269 1981 pro
1287 1905 1361 1962 οὗτοι
1377 1906 1472 1963 τοσού-

168 2025 224 2064 τοις
240 2005 367 2059 tentavit
382 2004 474 2057 τοῦτον
489 1999 611 2073 τοσούτῳ.
648 2001 707 2058 Sed
732 2004 828 2057 omnis
854 2000 938 2057 labor
965 2001 1037 2056 haec
1067 1999 1156 2056 verba
1181 1998 1352 2074 corrigendi
1376 2019 1472 2056 vanus

171 2105 217 2150 est
241 2106 270 2151 et
294 2097 416 2161 irritus,
448 2097 479 2150 ni
501 2095 588 2150 simul
610 2098 708 2152 omnia
733 2114 783 2160 ea,
814 2114 887 2170 quae
913 2096 1084 2150 universam
1109 2093 1273 2148 orationem
1294 2089 1420 2147 turbent
1442 2101 1470 2145 et

172 2187 397 2263 intelligentiam
414 2189 594 2262 impediant,
613 2190 644 2244 iu
662 2189 905 2263 disceptationem
922 2188 1049 2242 veniant.
1082 2184 1212 2251 Vulnus,
1232 2184 1311 2260 quod
1330 2181 1471 2240 librario-

172 2299 239 2335 rum
260 2282 417 2336 oscitantia
435 2279 502 2335 loco
525 2280 744 2356 elegantissimo
764 2279 888 2346 inssixit,
909 2277 1024 2335 difficile
1042 2288 1087 2333 est
1104 2288 1220 2343 curato,
1240 2276 1368 2333 sednon
1388 2278 1470 2333 iosa-

172 2370 282 2428 nahile.
317 2374 389 2428 Tria
407 2377 594 2449 potissimum
613 2384 683 2429 sunt
705 2373 908 2438 incommoda,
933 2371 1039 2447 quihus
1055 2371 1171 2447 vulgata
1190 2372 1340 2444 scriptura
1359 2376 1468 2444 premi·

171 2475 241 2532 tur,
267 2475 302 2521 ut
317 2485 396 2522 nunc
414 2470 527 2522 mittam
546 2467 691 2524 lacunam.
725 2468 826 2522 Primo
844 2466 893 2522 illa
911 2465 1000 2522 verba
1026 2463 1057 2520 ἂν
1081 2471 1173 2520 ἐκείνου
1199 2460 1274 2534 λόγος
1296 2465 1374 2533 mire
1392 2463 1468 2520 dicta

174 2567 262 2624 sunt,
281 2559 366 2632 quasi
380 2557 553 2614 Plutarchus
571 2558 698 2625 dubitet,
717 2577 787 2614 num
803 2578 907 2633 poema
921 2559 1044 2615 Hesiodi
1058 2559 1160 2631 Opera
1177 2571 1203 2611 er
1214 2555 1290 2614 Dies
1308 2558 1471 2632 genuinum

173 2651 231 2716 sit3
248 2659 312 2706 tum
329 2651 360 2705 in
381 2649 427 2704 his
447 2651 536 2719 σχεδὸν
551 2649 622 2723 ἡμεῖς
638 2648 709 2704 οὖτοι
726 2668 820 2706 nexus
840 2652 983 2706 orationis
1002 2669 1068 2705 cum
1086 2649 1288 2726 superioribus
1304 2650 1405 2706 nullus
1421 2660 1474 2714 est,

174 2752 206 2798 et
224 2741 381 2796 rnaoiiesto
399 2741 533 2798 vitiatum
550 2741 636 2808 οὗτοις
655 2752 685 2797 et
701 2740 844 2817 denique,
863 2741 942 2816 quod
954 2744 1160 2816 gravissimum
1171 2753 1233 2811 est,
1252 2732 1475 2818 conjunctivum

174 2834 258 2890 illum
278 2832 434 2907 περιάψωμεν
454 2853 514 2890 non
533 2833 635 2890 dubito
655 2833 803 2890 soloecunr
821 2833 937 2900 dicere,
956 2853 1051 2910 neque
1069 2837 1206 2892 inventus
1225 2847 1285 2903 est,
1304 2839 1357 2912 qui
1376 2839 1472 2893 ratio-

176 2947 246 2983 nem
258 2928 323 3002 ejus
338 2925 509 2985 reddiderit.
540 2925 618 2997 Quid
632 2925 741 2983 molta?
771 2925 888 2983 Locum
901 2929 944 2982 sic
954 2927 1215 3003 redintegrandum
1227 2947 1348 2995 censeo,
1367 2931 1472 3004 paucis

176 3021 315 3076 titulatis:
345 3017 384 3074 ότι
406 3015 578 3091 κινδυνεύομεν
600 3016 762 3091 ἀναστρέφειν
783 3019 882 3084 ἀτόπως
903 3027 946 3076 καὶ
967 3027 1068 3093 γελοίως
1092 3022 1137 3078 τόν
1155 3021 1294 3079 Ἡσίοδον·
1324 3023 1356 3078 ἂν
1377 3030 1474 3079 ἐκείνου

177 3112 252 3185 λόγος
269 3117 329 3181 (sc.
349 3109 380 3187 ᾗ)

448 3205 525 3275 Mei-re
541 3204 689 3279 τριηκόντων
708 3238 739 3250 -
756 3215 859 3280 πέμπτῳ
878 3211 905 3263 δὲ
921 3218 1046 3280 γαμοῖτο,

177 3322 270 3392 σχεδόν
291 3318 320 3376 δ’
345 3319 416 3393 ἡμεῖς
441 3318 480 3378 αὖ
505 3330 672 3386 ἐνιαυτοῖς
692 3324 823 3388 τοσούτοις
846 3333 944 3397 γυναικὶ
967 3333 1121 3400 πρεσβυτέρᾳ
1146 3350 1180 3369 -·
1200 3324 1376 3400 περιάψωμεν,
1410 3327 1473 3382 sive

176 3416 249 3490 ἡμεῖς·
268 3419 296 3469 δὲ
314 3415 402 3481 σχεδόν
417 3423 540 3479 ἐνιαυτοῖς
556 3428 613 3478 etc.
632 3420 651 3476 i.
667 3436 697 3489 e.
716 3419 842 3474 ridicule
859 3421 995 3476 videmur
1012 3420 1157 3476 inuertere
1176 3419 1310 3476 Hesiodi
1326 3438 1474 3494 praecep·

176 3517 258 3575 tuin,
285 3506 316 3563 si
341 3507 391 3565 itte
408 3509 529 3583 quidem
546 3510 745 3568 dicit-uos
762 3530 832 3568 uero
849 3511 1055 3583 totidemfere
1074 3512 1164 3568 οιωιίν
1182 3511 1387 3588 majorinum
1407 3532 1475 3567 mu-

175 3601 250 3659 lieri
260 3601 361 3656 virum
378 3602 574 3659 immaturum
589 3604 818 3678 applicabimus.
838 3604 888 3662 Sic
901 3607 1100 3662 nanciscimur
1118 3602 1191 3661 bene
1209 3607 1340 3661 vinctam
1357 3607 1474 3661 oratio-

178 3712 266 3764 nem,
285 3692 429 3771 habetque
447 3698 667 3770 conjunctivus,
687 3683 770 3754 unde¹
781 3699 917 3772 pendeat.
952 3700 996 3755 De
1015 3701 1174 3758 omissione
1191 3695 1274 3756 verbi
1292 3695 1476 3753 substantivi

85 3845 88 3849 ,
179 3797 250 3865 post
266 3784 298 3842 tis
315 3788 486 3844 doctissime
508 3807 603 3862 nuper
626 3791 685 3864 egit
703 3791 833 3846 Sintenis
851 3792 888 3848 ad
906 3792 982 3850 Plut.
1006 3794 1058 3852 vit.
1078 3791 1285 3849 Themistoclis
1309 3809 1339 3864 p.
1358 3795 1421 3848 209.
1446 3799 1476 3844 et

180 3882 214 3944 iu
231 3883 325 3957 praef.
344 3901 373 3956 p.
392 3881 496 3939 XLIV
513 3901 577 3959 sqq.
598 3884 664 3942 coll.
682 3884 877 3959 Bernhardyo
896 3885 981 3960 Synt.
1004 3905 1034 3960 p.
1055 3890 1105 3946 330
1122 3904 1167 3961 sq.

157 4058 163 4073 .
247 4041 278 4097 p.
297 4027 347 4089 lh,
366 4031 408 4083 15.
443 4022 562 4096 καθάπερ
585 4029 610 4078 οἱ
632 4031 740 4095 φοίνικες
761 4024 778 4095 ἢ
800 4022 863 4080 τόκα
880 4025 897 4058 ‘¹'
913 4032 957 4082 rui
973 4023 1058 4097 ἄωρον
1073 4026 1154 4101 ἄνδρα
1170 4025 1347 4102 περιάψωμεν]
1385 4025 1477 4099 Quod

179 4117 342 4171 asteriscus
360 4116 501 4172 amissum
518 4113 684 4190 signifieat,
708 4136 769 4172 non
787 4117 880 4173 habeo
897 4120 1063 4178 restituere.
1098 4127 1211 4193 φοίνικας
1227 4119 1346 4195 quidem
1363 4117 1421 4196 leg.
1446 4131 1477 4177 et

179 4205 345 4279 palmarum
360 4208 492 4278 fructus,
516 4228 576 4267 uon
593 4209 774 4276 Phoenices,
802 4212 927 4285 accipio.
962 4210 1084 4280 Habeo,
1113 4214 1191 4290 quod
1208 4213 1390 4280 divinarem,
1420 4213 1476 4270 sed

180 4317 243 4355 non
260 4298 331 4364 fido.
366 4303 603 4362 XYLANDER.
635 4303 669 4360 F.
694 4302 712 4374 οἳ
736 4302 818 4377 Σόροι
842 4303 947 4377 ὄμφακα
969 4313 1013 4362 καὶ
1034 4306 1116 4381 ἄωρον
1135 4304 1224 4380 ἄνδρα.
1263 4309 1305 4367 Ut
1321 4308 1356 4364 de
1373 4309 1475 4383 puella

179 4394 320 4469 conjugio
337 4397 469 4453 nondum
486 4407 553 4472 apta
571 4397 678 4453 dicitur
699 4395 798 4468 ὄμφαξ,
824 4399 864 4452 ita
885 4416 945 4455 non
964 4399 1068 4466 video,
1096 4419 1185 4476 quare
1207 4403 1319 4477 pariter
1343 4401 1378 4457 de
1404 4404 1473 4459 viro

180 4487 337 4544 immaturo
357 4489 416 4546 dici
433 4503 568 4567 nequeat.
601 4491 659 4546 Sed
677 4492 744 4566 quia
763 4508 828 4571 nou
842 4502 973 4558 constat,
1000 4493 1163 4549 Phoenices
1182 4505 1211 4549 et
1227 4495 1321 4568 Syros
1341 4513 1473 4552 consue-

181 4580 259 4637 visse
282 4583 364 4639 viros
385 4585 557 4640 immaturos
583 4585 688 4642 vetulis
705 4583 877 4643 mulieribus
894 4587 1051 4661 copulare,
1081 4589 1206 4646 ineunda
1233 4600 1278 4646 est
1301 4589 1358 4647 alia
1381 4591 1471 4647 ratio.

98 4676 186 4703 *τι
