3036 4994
1293 202 1349 269 211

65 365 99 411 ut
119 341 229 430 passim
253 372 290 412 ex
315 358 363 414 his
384 353 521 412 sordibus
547 373 716 430 germanam
739 357 917 430 scripturam
939 359 1093 415 restituere
1114 359 1212 420 licoat.
1245 360 1348 437 ltaque

65 467 190 517 vereor,
216 467 252 505 ne
269 451 299 509 lr.
316 450 337 509 l.
356 450 404 506 illa
421 448 566 506 librorum
585 461 685 524 aperta
703 460 843 525 corrupta
866 449 979 517 lectior
995 470 1081 526 quam
1097 453 1194 509 critici
1209 470 1248 509 ue
1265 458 1349 512 men}

65 543 146 598 tione
163 542 280 618 quidem
297 542 415 619 dignam
431 542 651 617 judicaverunt,
669 545 759 602 iaciat
774 543 812 600 ad
831 542 930 599 sedem
947 529 1103 601 inveterati
1119 545 1188 601 muli
1203 545 1348 621 indagari·

66 634 143 693 dam.
179 634 340 710 Scripsisse
358 637 438 691 enim
453 635 643 693 Plutarchum
660 636 804 693 arbitror:
821 634 916 707 πολλὴν
936 642 985 708 μὲν
997 634 1107 711 Ἔρατος
1131 635 1268 708 ὃμοιὰτητα
1283 639 1349 714 πρὸς

67 726 112 782 τὸν
126 725 214 798 ἥλιον,
236 727 359 799 πολλὴν
374 732 406 784 δὲ
422 734 478 784 noi
497 728 690 802 Ἀφροδίτης
705 727 787 804 πρὸς
809 727 865 798 τὴν
882 725 1021 798 σελήνην
1037 727 1136 803 ὁρῶμεν
1153 728 1238 786 οὖσαν.
1269 731 1345 789 Num

66 822 98 875 in
115 821 257 893 proximis
272 821 447 878 Plutarchus
467 841 527 878 non
548 823 644 878 solum
660 842 734 897 quae
753 820 917 878 intercedat
933 821 1093 878 similitudo
1113 823 1190 879 inter
1206 825 1347 883 Amorem

67 921 97 968 et
120 912 236 980 Solem,
264 913 426 971 sedetiam
451 934 527 990 quae
548 915 712 972 intercedat
733 916 811 971 iuter
835 914 982 972 Venerem
1012 925 1042 971 et
1068 914 1187 972 Lunam
1210 917 1345 991 explicati

68 1006 165 1077 Quare
183 1007 259 1063 infra
278 1017 341 1064 est:
370 1015 475 1063 contras
496 1015 542 1079 μὲν
562 1004 609 1063 οὗν
628 1003 767 1081 Ἀφροδίτη
783 1006 903 1078 σελήνην,
930 1006 1001 1079 ἥλιον
1024 1012 1052 1063 δὲ
1065 1005 1176 1082 Ἔρωτι,
1199 1009 1250 1065 coir
1268 1009 1347 1067 ἄλλων
1406 1024 1409 1029 “

66 1099 134 1155 θεᾶν
149 1100 245 1172 μᾶλλον
257 1098 321 1163 ελνὸς
337 1107 397 1158 ἐστι.
430 1099 565 1157 Librarii
582 1102 660 1158 oculi
678 1120 767 1176 quum
783 1099 956 1158 aberasseut
972 1121 990 1158 a
1006 1101 1070 1173 πρὸς
1085 1101 1130 1158 τὸν
1141 1100 1214 1173 iiber
1230 1102 1267 1159 ad
1284 1103 1348 1173 πρὸς

63 1187 108 1261 τὴν
126 1190 228 1263 σεληνην
244 1193 353 1250 factum
373 1203 418 1248 est
433 1194 579 1267 primum,
596 1202 630 1249 ut
646 1196 850 1250 omitterentur
867 1191 959 1251 verbu
979 1196 1074 1265 πολλὴν
1091 1180 1177 1251 uruat
1189 1188 1349 1269 Ἀφροδίτης,

62 1293 127 1340 tum
150 1304 236 1354 vero,
254 1297 287 1343 nt
306 1286 371 1354 alii,
390 1287 441 1361 qui
460 1287 558 1361 inepte
579 1286 639 1344 dici
658 1290 800 1344 Amorem
816 1286 940 1344 similem
956 1305 1022 1343 esse
1041 1287 1128 1343 lunae
1149 1288 1349 1363 intelligerent

65 1378 118 1434 scd
137 1380 249 1435 erroris
271 1380 382 1435 fontem
400 1380 589 1454 ignorarent,
605 1377 669 1452 πρὸς
689 1376 733 1434 τὸν
754 1376 825 1448 η’λιον
848 1388 993 1452 ponerent
1010 1396 1066 1453 pro
1084 1376 1147 1453 πρὸς
1168 1377 1214 1450 την
1236 1380 1350 1450 σελήνην.

64 1472 123 1539 Γῆν
143 1489 215 1527 vero
244 1482 274 1528 et
295 1471 397 1541 σελήνην
417 1490 478 1529 non
496 1472 544 1528 hic
564 1472 658 1528 solum
678 1471 800 1527 confusa
821 1481 907 1538 suut,
927 1470 980 1553 sed
1000 1472 1089 1527 etiam
1109 1472 1187 1529 inira
1209 1471 1347 1530 lleiskius

64 1565 219 1621 verissime
239 1563 340 1635 σελήνην
362 1569 390 1621 δλ
412 1597 444 1614 -
461 1563 611 1639 Ἀφροδίτην
626 1582 683 1639 pro
701 1563 819 1639 vulgato
834 1564 883 1635 γῆν
901 1567 929 1620 δλ
946 1594 976 1606 -
992 1561 1142 1639 Ἀφροδίτην
1157 1563 1347 1627 scribendum
1374 1574 1377 1581 '

64 1675 130 1714 esse
148 1657 231 1717 vidit.

130 1825 160 1881 p.
178 1813 231 1875 48,
248 1813 276 1865 6.
310 1803 373 1878 αὒγὴ
395 1809 440 1874 δὲ]
474 1806 518 1863 lta
541 1807 663 1881 reposui
683 1824 699 1862 e
717 1808 889 1881 conjecturo
906 1789 1064 1880 Wyttenb.
1099 1808 1201 1883 Vulgo
1222 1808 1255 1864 αὖ
1271 1808 1290 1857 l'
1307 1813 1346 1871 m.

64 1900 100 1956 Iu
116 1897 152 1959 Β.
168 1898 274 1955 lacuna
291 1911 336 1956 est
352 1901 481 1976 quinque
500 1899 662 1968 literarum,
681 1901 711 1956 iu
729 1899 765 1959 E.
783 1909 918 1974 quatuor.
953 1899 1089 1957 Reiskius
1106 1901 1220 1974 optavit
1235 1899 1276 1956 ἀεὶ
1294 1900 1347 1956 de-

62 1993 123 2050 leto
139 1993 261 2049 lacunae
279 1994 376 2067 siguo.

129 2162 159 2217 p.
176 2148 227 2209 48,
245 2145 271 2200 6.
305 2146 348 2197 eat
368 2139 514 2215 θερμότης]
548 2147 591 2196 ναὶ
609 2158 675 2196 cum
697 2137 852 2213 Wytteub.
870 2138 1000 2212 adjecie
1025 2132 1111 2199 BJE.
1146 2138 1228 2196 Idem
1245 2117 1346 2207 anicii

61 2241 107 2308 prr
125 2265 160 2280 -
176 2235 258 2292 volui
274 2235 343 2291 addi
358 2239 409 2290 νολ.

129 2404 161 2460 p.
177 2392 228 2453 48,
246 2391 272 2444 λ.
306 2382 428 2458 anapia}
454 2383 555 2456 τροφὸν
571 2382 639 2442 Ald.
660 2382 726 2438 Bas.

130 2552 160 2607 p.
178 2541 230 2599 48,
248 2540 274 2591 7.
309 2531 428 2604 αὔξησιν]
462 2533 507 2589 lta
526 2531 680 2606 Wyttenb.
701 2518 795 2589 edidit
818 2552 833 2589 c
857 2532 891 2591 B.
911 2533 947 2593 E.
980 2518 1190 2607 Vulg'o'ipaoo
1207 2551 1264 2606 pro
1285 2552 1343 2609 quo
1432 2578 1439 2589 .

63 2626 163 2686 Reisls.
192 2624 284 2682 voluit
311 2624 394 2684 ἄνεσιν
418 2626 638 2686 remissionem.
680 2627 754 2685 Post
771 2628 915 2700 ἄφεσινὶιι
939 2626 1008 2685 Ald.
1032 2627 1138 2684 lacuna
1161 2629 1250 2685 trium
1277 2628 1345 2686 lite·

60 2739 172 2780 rarum.

129 2890 159 2946 p.
177 2879 226 2939 48,
245 2878 272 2931 9.
305 2868 471 2947 μετ’ὅργὺς]
503 2868 557 2942 μετ’
575 2867 653 2941 ὄργι’γς
670 2870 702 2925 Β.
721 2869 755 2925 Ε.
774 2868 840 2926 Ald.
861 2870 927 2924 Bas.¹
942 2860 1016 2925 Plu't.
1036 2861 1087 2926 sit.
1106 2870 1195 2926 Dion.
1214 2854 1343 2924 c.'XVl.

59 2966 90 3036 ἦν
109 2962 154 3020 οὖν
173 2965 207 3034 τῷ
224 2962 346 3021 Πλάτωνι
363 2965 482 3037 συμφορὰ
504 2962 534 3019 τὸ
551 2962 639 3026 πάθος
658 2959 737 3018 circii
755 2964 831 3017 τοῦτο
842 3003 854 3032 ,,
867 2970 1034 3034 μαινομένου,
1055 2958 1173 3034 καθάπερ
1190 2965 1217 3015 oi
1233 2964 1344 3033 δυσέρω-

61 3080 102 3119 τες
120 3053 168 3112 ini
196 3061 395 3126 ζηλοτυπίας
412 3063 454 3112 καὶ
472 3054 567 3118 πολλὰς
582 3062 628 3127 μὲν
647 3052 745 3127 ὀργὰς
761 3063 787 3111 ἓν
807 3053 879 3133 ὀλίγην
893 3051 994 3126 χρόνρν,
1009 3051 1104 3114 πολλὰς
1121 3056 1147 3107 dl
1164 3045 1345 3123 διαλλαγὰς

62 3154 105 3203 καὶ
121 3147 214 3216 δεήσεις
235 3144 389 3220 ποιουμένου
406 3144 469 3219 πρὸς
485 3145 569 3203 αὐτόν.
586 3147 653 3206 coll.
671 3147 707 3202 de
724 3146 798 3205 disc.
818 3145 894 3203 adul.
917 3144 953 3201 ab
976 3146 1062 3203 amic.
1085 3162 1114 3218 p.
1137 3152 1172 3203 61
1189 3144 1227 3203 A.
1256 3140 1343 3201 Nunc

60 3239 251 3314 praetulerim
275 3239 419 3296 librorum
441 3241 613 3309 lectionem,
640 3251 752 3298 remota
781 3236 970 3296 distinctione
997 3247 1065 3313 post
1089 3241 1278 3310 διαλλαγέντος,
1311 3225 1345 3294 ut

62 3333 207 3388 sententia
228 3333 335 3389 existat
350 3335 441 3389 haec:
459 3353 546 3390 amor
563 3352 629 3390 cum
646 3333 698 3391 ira
714 3349 741 3388 et
758 3330 977 3399 conculcatione,
995 3330 1116 3389 arnosio
1135 3330 1341 3400 reconciliato,

61 3424 187 3482 suavior
202 3424 303 3482 euadit
320 3441 346 3481 ει
364 3426 479 3483 aerior.
1021 3412 1025 3419 ¹
1341 3424 1345 3429 ’

127 3594 157 3649 p.
177 3579 288 3643 48,10.
324 3569 421 3648 ἡδίων]
453 3574 572 3649 Asclep.
592 3578 683 3650 epigr.
702 3575 763 3643 XI,
782 3581 808 3633 3.
826 3575 852 3632 4.

329 3688 388 3747 οὐδ’
405 3687 420 3747 ὅ
436 3691 553 3765 μελιχρὸς
565 3691 646 3764 Ἔρως
663 3697 712 3747 αἰεὶ
730 3689 833 3762 γλυιιῦς·
858 3690 911 3746 ἀλλ’
929 3688 1075 3763 ἀνιήσεις
1126 3708 1128 3713 “

395 3784 515 3849 nullium
530 3785 628 3856 ἡδίων
644 3782 716 3858 γίνετ’
734 3776 809 3860 ἐρῶσι
830 3782 902 3848 θεός.

62 3902 148 3963 Cous.
165 3901 285 3967 Jacobs.
302 3902 461 3963 Animadr.
479 3902 600 3963 Anthol.
619 3903 644 3962 1.
662 3903 702 3963 11.
720 3922 750 3977 p.
767 3909 800 3961 ³0
818 3920 862 3978 sq.

128 4094 158 4149 p.
176 4082 223 4142 tt,
242 4081 283 4133 lu.
320 4075 487 4149 δριμύτερος]
521 4075 598 4135 Plut.
616 4077 668 4131 vit.
686 4075 772 4134 Num.
791 4095 816 4130 c.
833 4075 913 4132 XVI.
944 4074 1017 4131 σῦδὲν
1032 4076 1082 4149 γὰρ
1102 4074 1163 4131 ἄλλο
1181 4077 1232 4131 τῶν
1255 4083 1342 4144 insen-

63 4170 192 4238 druptioom
212 4167 290 4232 οὕτως
308 4176 419 4242 ἔρωτα
441 4169 561 4241 δριμὺν
582 4166 677 4242 εἰρήνης
693 4168 846 4240 ἐνεργάζεται
864 4177 907 4225 καὶ
928 4168 1021 4236 ταχὺν,
1049 4167 1083 4230 ὦς
1103 4167 1118 4224 ὅ
1140 4164 1191 4223 ini
1213 4169 1259 4238 γῆς
1279 4174 1341 4236 βίος.

62 4259 287 4316 illustraverunt
303 4280 369 4325 voc.
386 4260 476 4335 δριμὺς
492 4262 632 4319 Creuzer.
651 4260 688 4316 ad
700 4250 807 4332 Proui.
826 4260 991 4336 depulerit.
1007 4280 1038 4336 p.
1051 4267 1102 4339 814
1119 4279 1165 4336 sq.
1182 4271 1212 4317 et
1222 4258 1346 4327 Jacobs.

63 4352 100 4409 ad
117 4352 224 4411 Achill.
244 4353 310 4411 Τει.
327 4373 358 4429 p.
376 4360 436 4419 593.
1336 4358 1338 4362 ’

130 4520 158 4576 p.
177 4504 228 4571 48,
247 4508 287 4561 10.
324 4510 360 4559 los
376 4506 419 4573 dl]
453 4503 493 4561 ὅτι
509 4507 536 4562 δε
552 4502 587 4567 Β.
606 4505 641 4565 Ε.
656 4502 726 4567 ΑΜ.
743 4502 813 4565 Bas.
