3036 4994
1346 168 1407 235 151

118 322 137 347 “’
162 328 170 343 ”
184 345 213 401 p.
229 332 279 395 24,
298 331 325 385 1.
359 325 440 399 ὥσπερ
453 323 539 381 Ἄτται
553 326 632 392 rarle]
664 322 751 381 Ἀτται
767 324 833 381 Ald.
850 323 932 385 Bas..
950 323 1026 382 Male
1039 324 1138 386 Reish.
1157 329 1285 403 conjecit
1293 327 1406 393 Ἄνανος.

117 418 195 480 Plut.
214 421 265 481 vit.
285 418 398 478 Sertor.
422 437 448 478 e.
468 419 491 478 l.
519 423 584 474 δοεῑν
600 418 736 476 Ἄττεων
752 427 899 491 γενομένων.
927 419 981 474 νὴ.
999 418 1087 476 Num.
1113 438 1140 480 c.
1159 421 1216 481 IV.
1245 420 1286 477 ὅτι
1300 428 1347 495 μὲν
1363 418 1406 479 οὖν

114 515 199 568 ταῦτα
216 514 318 575 πολλοῖς
334 513 389 567 τῶν·
402 511 468 567 πάνυ
489 512 603 567 παλαιῶν
630 509 723 582 μύθων
746 520 839 579 λὀικεν,
870 510 916 574 οὕς
938 519 963 567 ot
985 511 1080 584 Φρύγες
1103 538 1130 571 τε
1152 520 1210 587 περὶ
1227 516 1340 571 ’Λττεεν
1363 523 1406 571 aul

115 610 231 661 Βιθυνοί
250 611 308 678 περὶ
318 603 465 677 Ἡροδότου
484 611 528 661 eni
544 611 600 674 περὶ
617 603 783 677 Ἐνδυμίωνος
799 603 916 678 Ἀρκάδες
930 634 978 659 -.
995 607 1119 661 Pausan.
1135 607 1207 674 Vll,
1227 616 1273 676 17,
1291 613 1319 669 5.
1336 609 1405 670 coll.

116 697 150 764 Ι,
168 704 200 766 4,
218 705 242 757 5.
265 700 431 753 l'rouriscue
448 700 527 754 enim
539 697 648 755 Graeci
667 698 771 754 formis
787 697 873 761 Ἀττος
886 708 916 752 et
929 697 1016 766 Ἄττης
1031 698 1079 753 usi
1096 709 1178 765 sunt,
1196 719 1223 757 v.
1237 700 1404 763 Hemsterh.

117 790 154 846 ad
171 791 295 848 Lucian.
314 790 350 847 T.
369 791 408 847 ΙΙ.
434 812 464 865 p.
481 799 543 850 ets.
571 793 618 850 ed.
636 793 700 865 Bip.
726 790 763 847 ad
784 790 861 847 Dial.
881 790 970 846 Deor.
991 790 1060 845 xit.
1083 796 1110 850 2.
1144 790 1263 848 Jacobs.
1281 794 1404 851 Antbol.

117 883 273 943 Animadv.
297 883 351 944 ΙΙΙ.
378 884 403 945 I.
425 903 455 957 p.
476 887 536 941 398.
574 884 661 955 Quod
690 884 727 940 ad
749 883 892 959 pluralem
919 900 1074 938 numerum
1094 880 1184 937 Ἄτται
1203 890 1247 939 καί
1272 882 1404 942 ’Λδαναῖοι

116 978 232 1044 attinet,
250 976 277 1033 is
288 976 480 1051 explicandus
494 986 553 1042 est,
572 987 604 1031 ut
620 979 651 1031 in
667 975 740 1034 Plat.
755 975 856 1049 Symp.
876 995 905 1048 p.
918 980 969 1032 218
980 974 1018 1032 A.
1037 982 1080 1030 ant
1096 970 1162 1048 ὁρῶν
1179 975 1213 1031 αὖ
1231 982 1404 1050 Φαίδρους,

113 1068 317 1141 Ἀγάθωνος,
341 1064 596 1137 Ἐρυξιμάχους,
621 1077 829 1135 Παυσανίας,
854 1065 1114 1140 Ἀριστο-δὴμους
1137 1093 1164 1124 τε
1188 1075 1232 1125 sut
1252 1067 1405 1142 ’Aptero-

113 1160 240 1234 φὰνας.,
267 1162 347 1220 Vide
369 1161 559 1234 Engelhardt.
586 1161 623 1216 ad
647 1161 803 1222 Menexen.
830 1180 859 1234 p.
887 1168 948 1221 unt.
988 1161 1173 1235 Bernhardy.
1201 1161 1287 1235 Synt.
1313 1184 1343 1236 p.
1360 1171 1404 1222 61.

114 1254 226 1311 Sensus
243 1257 323 1311 enim
340 1264 418 1309 este·
437 1261 530 1308 Amor
548 1269 663 1308 nonest
679 1254 794 1310 ‹tdoenn
814 1253 852 1308 nb
870 1240 972 1329 οίίιμια
990 1253 1154 1311 barbarica
1173 1255 1405 1331 superstitione,

112 1363 144 1402 ut
162 1356 243 1405 Artes
263 1362 291 1402 et
308 1346 441 1411 Adonis,
460 1345 580 1422 Cyheles
597 1361 624 1400 et
647 1346 775 1403 Veneris
794 1347 910 1402 ‹tritusii
919 1389 926 1414 ,
941 1367 998 1420 per
1016 1347 1194 1403 semimares
1211 1349 1407 1423 mulieresque

113 1440 237 1521 innecti.
274 1439 351 1495 Nam
370 1438 447 1515 quod
467 1439 539 1494 dicit
554 1438 729 1495 Plutarchus
741 1441 792 1497 rit.
812 1433 891 1499 Sert.
915 1457 942 1495 c.
965 1440 989 1498 1.
1015 1446 1068 1495 lati
1086 1438 1112 1495 δ’
1132 1438 1274 1510 ἀγαπῶντες
1295 1448 1356 1496 ἔνιοι
1373 1440 1407 1497 τὸ

112 1532 221 1586 τοιαῦτα
244 1529 391 1603 συνάγουσιν
412 1539 509 1604 ἰατορίᾳ
533 1538 576 1587 καλ
602 1531 667 1605 dung}
692 1533 742 1587 auin
767 1533 832 1586 nard
858 1531 937 1601 τύχην
961 1530 1099 1602 γεγονύταιν
1111 1574 1119 1598 ,
1142 1531 1191 1588 ὅσοι
1215 1535 1335 1604 λογισμοῦ
1361 1541 1405 1590 παλ

112 1631 234 1697 προνοίας
253 1632 336 1696 ἔργοις
352 1632 441 1688 iomar,
460 1632 529 1691 οἷον,
548 1623 587 1679 ὅτι
604 1625 843 1680 dorin-'Aeaeus
859 1632 997 1696 γενομίνοιν
1012 1627 1146 1696 ἐμφανῶν,
1162 1627 1269 1697 τοῦμὲν
1286 1625 1404 1701 Σύρον,

110 1719 158 1774 τού
175 1715 202 1772 δ’
217 1713 394 1790 Ἀρκάδος,
414 1715 527 1791 ἑκάτερος
542 1711 592 1773 imo
613 1718 672 1780 συὸς
689 1714 815 1784 dadino,
834 1718 864 1774 id
881 1720 978 1775 errori
995 1718 1112 1776 cuidam
1128 1720 1331 1802 imputandum
1347 1730 1402 1789 est,

112 1829 202 1885 quum
219 1810 254 1866 de
271 1810 335 1866 Atti
350 1810 468 1866 Arcade
487 1811 561 1866 nihil
578 1822 704 1870 constet.
744 1811 776 1867 Si
797 1813 985 1884 conjecturae
1008 1813 1064 1868 hac
1085 1814 1118 1868 in
1139 1831 1173 1869 re
1194 1812 1277 1870 loeus
1300 1813 1403 1881 datur,

111 1903 287 1959 Plutarchus
304 1904 388 1959 Attin
406 1914 529 1978 propter
546 1907 637 1961 sortis
655 1903 876 1961 similitudinem
892 1922 960 1960 cum
981 1905 1165 1976 Endymione
1185 1905 1303 1962 Arcade
1321 1906 1403 1962 ride-

109 2006 159 2053 tur
177 1996 358 2052 confudisse.

178 2149 228 2210 24,
247 2152 272 2201 7.
307 2141 464 2220 Ἀδιιναῖοι]
493 2143 557 2201 Vix
576 2125 680 2198 sanum
697 2154 742 2198 est
759 2144 953 2209 hocnomen,
975 2161 1142 2218 quanquam
1154 2143 1257 2199 Latini
1275 2146 1404 2218 scripto-

112 2257 161 2294 res
180 2239 335 2314 aliquoties
353 2239 474 2294 Adonin
492 2239 784 2303 vocantAdonenm,
814 2247 847 2291 ut
867 2237 961 2295 Plaut.
988 2235 1068 2293 lllen.
1093 2236 1124 2305 Ι,
1152 2242 1185 2303 2,
1210 2242 1253 2296 15.
1293 2237 1404 2311 Appnl.

115 2332 186 2390 Μαί.
204 2331 243 2387 ΙΙ.
263 2340 292 2404 p.
312 2338 370 2389 126.
407 2330 464 2387 Th.
484 2328 628 2405 Berginius
645 2348 700 2403 per
716 2331 817 2385 literas
835 2331 907 2385 mihi
925 2327 1119 2405 significarit,
1138 2329 1196 2385 sibi
1213 2329 1308 2387 rideri
1326 2331 1403 2386 scri·

114 2424 243 2480 bendum
260 2441 325 2478 esse
349 2418 491 2488 Ἀδώνιοι,
520 2422 585 2477 coll.
605 2423 693 2483 Belrlr.
711 2423 857 2482 Auecdot.
876 2423 902 2483 I.
928 2443 957 2497 p.
977 2430 1037 2480 146.
1071 2419 1226 2485 Ἀδιίνιος
1248 2423 1403 2496 Φερεκράτης
1439 2467 1446 2485 ,

115 2523 181 2572 εἶπεν
198 2514 254 2571 tirel
269 2518 315 2572 τοῦ
332 2514 481 2578 Ἀδώνιδος·
498 2520 562 2586 λε’γεν
584 2520 610 2570 δὲ
628 2516 674 2586 τὴν
691 2516 832 2584 αἰτιατικὴν
848 2516 894 2570 τὸν
907 2511 1087 2572 ’Antinoe‘
1106 2516 1171 2571 οὕτω
1192 2521 1219 2571 δε
1237 2521 1280 2571 καὶ
1292 2514 1403 2572 Πλιλτονν

115 2611 196 2682 (ejus
223 2608 351 2665 fabulam
369 2605 478 2683 'Adone
499 2619 642 2664 mernorat
665 2611 773 2665 Athen.
792 2609 830 2664 X.
854 2629 883 2683 p.
903 2608 1025 2670 einh.)
1060 2614 1103 2664 καί
1124 2617 1255 2683 Κρατῖνος
1277 2607 1404 2690 ἀλλὰκαὶ

110 2697 302 2775 Ἀριστοφάνης
323 2707 367 2758 καὶ
388 2705 472 2776 ἕτερον.
508 2701 589 2773 Quae
608 2704 779 2777 conjectura
796 2703 854 2760 riri
876 2703 1048 2759 amicissimi
1071 2703 1152 2761 omni
1175 2702 1263 2783 modo
1287 2703 1404 2761 ridetur

117 2795 269 2869 probanda
287 2813 361 2856 esse.
680 2819 681 2822 ¹

182 2969 212 3025 p.
230 2955 279 3017 24,
298 2950 325 3006 7.
360 2945 530 3021 ἀνδρογύνων]
563 2945 643 3004 Vide
660 2945 794 3005 Lobeclt.
814 2942 850 3000 ad
867 2944 980 3016 Phryn.
1004 2962 1035 3018 p.
1055 2946 1117 3003 185.

182 3117 211 3172 p.
229 3101 278 3163 24,
296 3103 322 3154 8.
357 3095 441 3167 κρύφα
457 3092 545 3170 τιμὰς]
579 3092 664 3166 κρύφα
680 3093 751 3154 τινύς
767 3092 855 3160 Altl.;
873 3091 971 3166 τρύφος
984 3080 1135 3154 crudelius.
1155 3091 1264 3147 omisso
1282 3106 1405 3165 praece-

116 3188 202 3243 dente
220 3194 275 3242 ιιαὶ.
310 3186 442 3259 Xyland.
459 3201 490 3240 ut
508 3185 635 3241 libidine
651 3187 783 3260 quodum
800 3185 1021 3242 inconvenienti
1029 3179 1188 3256 fruatur.

184 3356 214 3411 p.
232 3343 280 3403 24,
297 3341 324 3394 9.
359 3337 549 3408 παρεισγραφῆς
571 3341 639 3404 δίκην
662 3334 759 3406 φεύγειν
781 3340 824 3390 καὶ
840 3340 946 3396 νοθείας
965 3335 1008 3403 τῆς
1029 3339 1055 3388 iv
1074 3336 1161 3400 θεοῖς]
1194 3345 1280 3408 παρεῖς
1303 3334 1406 3408 γραφύς

116 3431 185 3490 Bas.
205 3459 235 3470 -
253 3437 518 3500 παρεγγεγραμμίνοι,
543 3429 725 3501 παρδγραπτοι
741 3425 937 3492 dicebantur,
962 3428 1013 3502 qui
1035 3429 1135 3501 pravis
1152 3428 1264 3485 artibus
1282 3439 1312 3484 et
1328 3429 1404 3485 dolis

117 3527 150 3581 in
169 3524 279 3579 civium
294 3519 408 3590 tabulas
432 3520 516 3575 relati
537 3531 645 3582 essent.
682 3520 787 3575 Pollux
805 3519 869 3587 ΙΙΙ,
886 3526 918 3587 4,
938 3521 982 3579 55.
1008 3516 1054 3575 ede
1072 3517 1132 3592 δόξῃ
1151 3527 1254 3591 πολίτης
1270 3526 1335 3576 εἷναί
1352 3545 1407 3588 τις,

117 3612 520 3687 ούκοῖν,παρε’γγραπτος,
545 3621 884 3685 παρεγγεγραμμένος.
918 3610 1020 3671 ihil.
1055 3610 1119 3667 νατύ
1137 3616 1164 3669 di
1183 3614 1233 3668 τῶν
1256 3630 1409 3688 πα’ρεγγε«·

118 3715 329 3783 γραμμένιον,
357 3712 436 3768 ξενίας
455 3703 550 3778 γραφή.
578 3705 672 3771 Vlll,
691 3714 724 3772 7,
744 3713 786 3764 64.
823 3703 972 3777 διαψήφισις
992 3709 1019 3760 δὲ
1040 3701 1086 3776 ἦν,
1108 3705 1137 3761 τὸ
1153 3707 1213 3769 τοὺς
1232 3703 1343 3777 δημότας
1363 3707 1409 3776 τὴν

118 3806 206 3876 ψῆφον
224 3799 286 3871 ὑπὲρ
305 3800 355 3855 τῶν
377 3795 679 3872 παρεγγεγρύφθαι
702 3797 845 3854 δοκούντων
869 3805 980 3870 δνεγνεῖν.
1015 3799 1095 3857 Vide
1119 3798 1149 3856 C.
1172 3798 1223 3858 Fr.
1245 3798 1408 3856 Hermann.

118 3895 271 3954 Lebrbuclt
288 3894 341 3949 der
357 3891 562 3965 griechischen
584 3893 892 3950 Staotsaltertbr'imer.
908 3943 911 3948 .
927 3895 951 3960 b.
971 3898 1029 3951 123.
1047 3910 1095 3951 nr.
1116 3898 1157 3949 14.
1183 3911 1215 3966 p.
1233 3896 1294 3950 232.
1329 3890 1410 3946 Plut.

120 3987 238 4060 Quaest.
257 3986 359 4060 Symp.
374 3984 442 4053 VII,
459 3992 491 4051 6,
509 3990 535 4043 2.
557 4004 587 4059 p.
605 3990 654 4042 tut
671 3984 706 4046 F.
723 3987 841 4042 tranire
863 3983 895 4054 δδγ
915 3986 966 4049 πῶς
983 3985 1015 4041 ἄν
1030 4009 1069 4049 τις
1085 3983 1175 4041 ἑαυτὸν
1191 3988 1408 4058 μεταχειρίσαιτο,

121 4079 155 4150 μὴ
173 4079 273 4152 γνήσιος
288 4079 339 4146 oie,
354 4076 417 4151 μηδ’
438 4075 608 4147 αὐτόκλητος,
627 4074 691 4133 illd
707 4076 875 4152 epirosen&
892 4078 999 4141 νόθος
1015 4084 1059 4134 ael
1077 4081 1412 4150 παρεγγεγραμμένος

121 4178 155 4234 εἰς
171 4173 201 4228 τὸ
219 4170 367 4244 σομπὸαιον.
402 4171 482 4226 Haec
500 4171 590 4245 igitur
608 4189 623 4226 e
644 4173 707 4244 jure
730 4171 831 4228 Attico
852 4165 1025 4228 illustranda
1046 4181 1149 4238 erant,
1177 4169 1229 4226 'sed
1256 4177 1410 4243 praeterea

121 4263 190 4320 nolo
208 4266 405 4340 suspicionem
417 4282 511 4321 meam
523 4265 718 4339 supprimere,
732 4264 824 4320 latere
841 4265 890 4331 hic
909 4263 1021 4339 aliquot
1039 4264 1144 4342 comici
1157 4263 1280 4334 alicujus
1296 4271 1410 4334 poetae,

121 4356 246 4411 fortasse
258 4358 482 4432 Aristophanis,
503 4376 624 4425 versus,
644 4359 694 4434 qui
711 4357 792 4414 facili
809 4358 929 4432 negotio
950 4358 1014 4413 erui
1031 4367 1166 4432 possunt.
1200 4354 1409 4437 Athenienses,

121 4449 172 4524 qui
189 4450 347 4505 novissima
366 4469 496 4527 quaeque
514 4450 620 4525 cupide
634 4448 899 4525 amplectebantur,
919 4450 955 4507 ad
973 4449 1044 4506 deos
1061 4467 1171 4517 novos,
1190 4467 1315 4526 qnorum
1330 4434 1413 4504 iiotis

120 4543 161 4610 tia
179 4558 194 4597 e
213 4543 376 4616 peregrinis
393 4545 481 4600 terris
499 4544 585 4600 allata
603 4554 697 4610 esset,
715 4542 903 4618 recipiendos
922 4554 951 4598 et
968 4543 1109 4602 colendos
1127 4542 1282 4600 admodum
1298 4540 1409 4618 procli*
1462 4510 1487 4640 ι
