3036 4994
655 144 902 216 ΕΡΩΤΙΚΟΣ.
1354 148 1394 211 dl

110 313 248 381 heroicis
272 310 448 377 honoribus
474 322 521 375 est
540 332 557 374 a
574 310 794 377 ¹Phocensibus
821 324 960 375 ornatus.
1000 310 1147 376 Herculis
1174 331 1251 375 vero
1271 316 1396 377 amores

110 441 292 485 enumerare
316 433 362 482 est
381 421 429 481 ob
455 416 679 481 multitudinem
709 419 885 482 molestum.
926 417 1048 482 Jolaom
1074 433 1158 484 certe
1184 416 1396 496 existimantes

109 525 208 589 fuisse
228 522 370 588 amasium
387 521 471 602 ejus,
491 522 654 609 etiamnum
670 535 872 598 venerantur,
893 543 1090 604 amoremque
1104 504 1274 588 meantibus
1288 521 1396 586 amasii

109 629 310 712 jurejurando
339 631 422 711 apud
450 631 626 712 sepulcrum
656 627 723 711 ejus
749 629 873 691 firmare
903 627 1017 692 solent.
1064 631 1179 692 Fertur
1208 629 1319 705 etiam,
1348 626 1396 714 rei

111 734 246 798 medicae
273 715 390 818 peritus
421 733 490 797 com
510 746 611 810 esset,
639 733 828 796 Alcestidem
850 731 911 814 jam
934 736 1124 813 desperatam
1146 736 1281 824 Admeto
1302 735 1395 801 resti·

111 838 222 914 tuisse,
241 837 384 922 conjugis
398 838 546 916 amatori,
568 860 625 902 suo
640 838 769 902 amasio.
803 839 886 917 Quin
906 848 938 900 et
954 837 1134 919 Apollinem
1156 840 1280 904 Admeti
1299 841 1397 906 fuisse

111 955 276 1007 amatorem
297 944 421 1007 fabulae
446 943 547 1026 ajunt,
568 943 701 1026 ideoque
721 943 754 1008 ei
769 963 839 1033 per
855 962 1027 1024 mappam
1048 962 1183 1013 annum
1198 945 1397 1026 servivisse.

112 1048 317 1112 Commodum
344 1060 444 1112 autern
465 1047 558 1111 nohis
583 1046 693 1110 incidit
719 1045 887 1110 Alcestidis
914 1048 1041 1111 mentio.
1092 1050 1172 1129 Nam
1198 1071 1266 1113 cum
1291 1052 1400 1117 Marte

110 1152 233 1236 quidem
254 1175 317 1216 uon
332 1152 459 1216 multum
481 1163 528 1215 est
547 1149 726 1214 mulieribus
741 1150 806 1214 rei:
829 1151 920 1214 furor
934 1166 1032 1216 autem
1048 1141 1215 1218 amatorius
1229 1159 1268 1218 ad
1282 1158 1399 1217 auden·

110 1261 181 1320 dum
209 1257 346 1340 aliquid,
374 1254 468 1338 atque
494 1254 585 1318 etiam
606 1255 797 1319 moriendum
818 1255 959 1337 impellit.
1000 1259 1093 1337 Quod
1113 1257 1140 1321 si
1161 1257 1236 1342 quid
1256 1263 1295 1322 ad
1316 1260 1400 1322 veri-

110 1375 209 1427 tatem·
232 1362 357 1425 fabulae
383 1363 576 1434 conducunt,
604 1359 760 1435 Alcestis,
789 1361 999 1436 Protesilaus,
1030 1375 1061 1425 et
1091 1363 1212 1445 Orphei
1239 1363 1399 1444 Eurydice

112 1469 297 1540 ostendunt,
326 1464 385 1529 soli
406 1463 519 1528 Amori
539 1467 705 1529 Plutonem
726 1487 793 1528 esse
821 1465 905 1530 dicto
927 1465 1121 1542 audientem,
1151 1490 1325 1552 quanquam
1346 1469 1399 1532 hic

114 1573 263 1633 adversus
292 1569 370 1633 alios
399 1590 524 1642 omncs,
555 1583 587 1634 ut
617 1581 663 1633 est
691 1573 774 1652 apud
803 1571 1010 1652 Sophoclem,
1039 1591 1152 1661 neque
1182 1572 1398 1665 aequitqtem

114 1685 236 1762 curat,
256 1694 367 1765 neque
384 1673 561 1755 qratiam,
1128 1680 1131 1685 “

300 1797 454 1892 Soloque
465 1804 556 1880 jure
574 1787 787 1896 simpliciter
807 1806 931 1873 stricto
951 1805 1085 1872 utitur:

113 1944 211 1994 tamen
237 1920 596 2012 amantcs'reveretur,
611 1933 712 2016 iisque
738 1933 815 1997 solis
841 1956 904 1999 non
935 1947 982 1998 est
1011 1934 1269 2026 implacabilis,
1299 1959 1399 2019 neque

113 2033 316 2102 indomitus.
354 2035 494 2100 Proinde
519 2039 636 2101 bonum
661 2037 785 2120 quidem
806 2051 867 2114 cst,
897 2037 1012 2115 amice,
1043 2040 1140 2103 sacris
1160 2038 1312 2103 initiatum
1333 2061 1400 2103 esse

113 2139 300 2221 Eleusiniis:
334 2162 395 2226 ego
416 2153 515 2203 autem
536 2140 668 2204 Aumris
688 2141 779 2223 orgia
799 2141 979 2225 agentibus,
1010 2140 1140 2224 ejusque
1160 2144 1282 2221 mystis,
1308 2142 1420 2218 video¹¹

114 2243 272 2307 meliorem
293 2265 361 2308 esse
381 2247 462 2327 apud
481 2264 584 2306 manes
604 2243 835 2326 conditionem:
866 2268 965 2330 neque
985 2246 1075 2310 fidem
1095 2245 1211 2311 sabulis
1231 2245 1400 2321 adhibens,

73 2366 84 2387 ¹
113 2370 215 2430 oeque
238 2369 360 2411 omnem
384 2360 485 2410 tamen
511 2350 674 2430 derogans.
713 2351 800 2414 Bene
825 2350 905 2414 enim
933 2350 1055 2426 dicunt,
1083 2363 1114 2414 et
1139 2350 1244 2414 divina
1270 2353 1400 2435 quadam

115 2453 242 2515 fortuna
262 2451 423 2515 veritatem
444 2450 616 2540 attingunt,
638 2454 790 2530 dicentes,
814 2455 928 2520 Amori
949 2454 1059 2518 deditis
1079 2455 1211 2521 reditum
1232 2459 1271 2518 ab
1292 2454 1402 2520 inferis
1455 2522 1458 2530 ,

117 2555 263 2622 concedi:
286 2578 433 2642 quorsum
454 2570 553 2622 autem
578 2573 608 2622 et
632 2563 808 2641 quomodo,
833 2561 994 2640 ignorant,
1022 2560 1119 2623 veluti
1142 2582 1158 2623 a
1183 2561 1290 2625 semita
1309 2564 1402 2625 aber-

116 2675 239 2737 rantes,
269 2684 358 2746 quam
385 2661 503 2743 primus
527 2663 684 2727 hominum
709 2665 804 2728 Plato
830 2664 1049 2748 philosophiae
1078 2648 1196 2729 auxilio
1225 2665 1402 2747 perspexit.

116 2770 195 2832 Sunt
224 2765 345 2850 quidem
375 2765 465 2830 etiam
494 2766 527 2831 in
554 2767 786 2852 Aegyptiorum
816 2770 931 2834 sabulis
957 2770 1050 2835 exilia
1081 2774 1229 2855 quaedam
1259 2769 1401 2835 veritatis

116 2870 267 2951 vestigia:
298 2874 353 2935 scd
378 2870 591 2957 indagatorem
616 2873 792 2939 desiderant
817 2887 956 2951 acutum,
986 2888 1017 2938 ct
1043 2877 1097 2960 qui
1124 2899 1234 2962 magna
1258 2898 1274 2937 e
1294 2873 1401 2955 parvis

116 2977 226 3041 venari
252 2989 358 3058 queat,
389 2977 493 3062 itaque
520 3000 553 3041 ea
579 2979 669 3042 missa
693 2979 853 3043 faciemus.
896 2979 1059 3044 Caeterum
1086 2996 1158 3062 post
1184 2979 1245 3043 vim
1272 2978 1402 3053 Amoris

118 3096 250 3158 tantam,
270 3081 330 3164 jam
353 3105 433 3144 nunc
453 3082 680 3147 consideremus
703 3083 769 3167 ejus
788 3107 864 3163 erga
884 3085 1024 3149 homines
1038 3085 1257 3169 benignitatem
1279 3097 1310 3147 et
1330 3105 1402 3169 gra·

118 3188 211 3251 tiam:
243 3209 305 3250 nou
326 3208 363 3248 an
385 3189 477 3250 rrrulto
498 3186 566 3269 ipso
588 3189 744 3252 utentibus
765 3193 846 3253 bona
867 3203 971 3272 paret,
993 3215 1061 3254 cum
1081 3195 1158 3254 haec
1179 3190 1322 3255 omuibus
1342 3189 1403 3254 sint

120 3291 299 3356 manifesta:
323 3295 376 3354 sed
391 3313 428 3354 an
442 3292 584 3373 pluribus
598 3317 634 3382 ac
648 3294 818 3376 majoribus
833 3294 1104 3360 commoditatibus
1119 3311 1252 3360 annantes
1267 3295 1403 3360 adliciat.

120 3400 202 3462 Nam
223 3395 391 3477 Euripides
410 3397 548 3480 quidem,
574 3422 748 3486 quanquam
770 3401 956 3480 amatorius,
978 3401 1133 3465 minimum
1153 3404 1215 3466 hoc
1236 3401 1404 3466 admiratus

120 3500 333 3588 praedicavita
1059 3498 1064 3509 “

734 3676 770 3690 -
791 3658 967 3705 musicam

314 3734 434 3806 Amor
452 3736 570 3816 docet,
589 3740 782 3824 quamlibet
802 3746 879 3822 ejus
898 3741 1022 3810 rudem
1037 3744 1155 3834 prius.

123 3870 181 3938 Ille
211 3891 289 3936 vero
318 3883 349 3934 et
376 3875 540 3936 socordem
570 3884 654 3947 ante,
683 3876 863 3954 prudentem
892 3873 986 3952 lacit,
1017 3889 1048 3938 et
1074 3870 1291 3952 fortem,·qui
1316 3867 1405 3950 prius

124 3979 258 4042 inaudax
287 3987 372 4050 erat,
401 3980 560 4060 quomodo
591 3970 749 4041 adurendo
769 3979 853 4064 ligna
884 3981 921 4043 de
951 3979 1097 4045 mollibus
1127 3982 1203 4042 dura
1232 3974 1400 4059 redigunt:

129 4334 164 4391 B.
186 4342 212 4394 2.
245 4334 378 4401 ἐπισκοπῶ]
399 4333 433 4395 Ε.
453 4336 519 4394 Ald.
540 4338 605 4394 Bas.
628 4347 657 4392 et
672 4335 705 4396 Β.
729 4339 834 4414 inquo
855 4348 901 4395 est
915 4293 1029 4412 turnonii
1065 4333 1162 4409 Vulgo
1179 4329 1360 4402 lutososque.

129 4425 165 4480 B.
188 4432 213 4484 5.
248 4425 331 4494 stude]
352 4427 573 4492 Valckenarius.
608 4429 703 4507 Vulgo
723 4438 786 4493 ἐπεί.

128 4522 164 4578 B.
187 4528 212 4576 7.
246 4518 365 4592 ἄμουσος]
385 4522 539 4596 Wyttenh.
563 4543 578 4580 e
598 4528 665 4581 Bas.
682 4525 753 4599 xyt
788 4525 884 4603 Vulgo
900 4524 1021 4598 ipsosne.

128 4613 163 4670 B.
189 4611 228 4675 ib.
252 4612 283 4670 ni
298 4618 364 4687 πρὶν]
386 4614 416 4672 τὸ
431 4617 535 4690 πρᾶγμα
554 4618 610 4677 ΒΕ.
631 4617 699 4679 Ald-
