3036 4994
160 178 199 242 64
638 171 973 243 ΠΛΟΥΤΑΡΧΟΥ

159 333 402 425 κινητικώτερον
418 331 562 416 ἐποίησε,
581 337 639 402 καί
660 335 699 400 τό
713 333 861 418 βλάπτον
872 332 1152 424 ἀφυλακτότερον·
1181 326 1280 410 ούτως
1302 332 1324 414 ή
1349 327 1452 421 φύσις

159 440 488 526 γυναικὶπεριθεῖσα
512 436 608 526 χάριν
637 436 745 529 ὄφεως
773 443 829 505 καὶ
856 441 967 529 φωνῆς
993 439 1203 519 πιθανότητα
1231 441 1287 503 καὶ
1315 440 1453 526 μορφῆς

110 549 136 607 D
160 541 328 628 ἐπαγωγόν
346 531 448 623 εἶδος,
467 543 506 634 τῇ
524 548 585 629 μέν
604 541 773 633 ἀκολάστῳ
792 543 875 633 πρός
893 542 1014 624 ἡδονήν
1031 545 1086 608 καί
1109 540 1253 624 ἀπάτην,
1274 544 1314 634 τῇ
1334 543 1369 607 δὲ
1389 542 1453 607 σοί-

161 666 263 734 φρονι
287 645 370 731 πρὸς
398 645 527 713 ιύνοιαν
552 645 672 734 ἀνδρὸς
693 651 750 715 καί
774 647 905 736 φιλίαν,
934 648 1058 732 μεγάλα
1081 644 1287 734 συνήργησεν.
1327 643 1366 710 ‘0
1393 651 1455 730 μέν

162 739 221 816 οὖν
242 749 386 815 Πλάτων
407 750 465 817 τόν
486 749 687 840 Ξενοκράτη,
714 749 817 816 τάλλα
835 756 986 835 γενναῖον
1006 749 1085 815 όντιι
1104 754 1160 816 καὶ
1177 750 1298 836 μέγαν,
1329 747 1453 830 αύστη.

162 852 362 942 ρότατονδέ
385 855 432 946 τῷ
451 853 547 935 ήθει,
577 853 751 941 παρεκάλει
769 853 867 920 θύειν
888 858 960 932 ταῖς
981 852 1123 941 Χάρισι·
1143 854 1265 944 χρηστῇ
1285 854 1320 917 δέ
1340 852 1383 917 όίν
1405 877 1457 930 τις

160 961 290 1039 γυναικὶ
310 961 368 1023 καὶ
384 956 529 1045 σώφρονι
548 959 751 1045 παραινέσειε
769 960 813 1047 τῷ
823 957 943 1045 Ἔρωτι
957 955 1070 1038 θύειν,
1091 952 1177 1034 ὅπως
1193 955 1325 1041 εὐμενής
1342 976 1457 1023 συνοι·

144 1060 265 1151 ’κουρῇ
294 1062 340 1150 τῳ
366 1058 459 1150 γάμῳ
489 1063 547 1127 καὶ
581 1058 659 1140 ἡδύς
690 1104 1457 1128 .............................

163 1161 375 1244 γτιναικείοις,
394 1167 450 1228 καί
467 1164 513 1248 μή
530 1163 613 1251 πρός
633 1162 747 1252 ἑτέραν
768 1161 939 1253 άπορῥυείς
958 1163 977 1230 ὁ
1002 1162 1086 1253 ἀνὴρ
1106 1161 1326 1247 ἀναγκάζηται
1341 1163 1405 1241 ,τάς
1422 1164 1459 1230 εἰι

165 1265 224 1345 τῆς
244 1268 415 1356 κωμῳδίας
436 1269 539 1353 λέγειν
558 1266 685 1357 φωνάς·

365 1392 447 1460 (λίαν
465 1393 567 1459 ἀδικῶ
584 1397 723 1480 γυναῖκα
743 1392 762 1461 ὁ
783 1394 969 1481 δυσδαίμων
989 1394 1058 1481 ἰγύ.

115 1547 141 1605 Ε
171 1537 218 1605 Τό
237 1537 300 1626 γάρ
322 1537 401 1628 έρρίν
424 1538 459 1604 έν
481 1535 576 1628 γάμῳ
594 1539 652 1602 τοῦ
674 1538 823 1626 έράσθαι
843 1539 954 1623 μεῖζον
972 1537 1108 1625 ἀγαθόν
1128 1543 1216 1606 ἐστι·
1246 1534 1375 1606 πολλῶν
1394 1540 1463 1627 γάρ

167 1639 408 1728 ἁμαρτημάτων
434 1639 649 1719 ἀπαλλάττει,
680 1641 807 1724 μάλλον
836 1642 873 1706 δέ
901 1639 1050 1722 πάντων,
1084 1637 1150 1710 ὅσα
1180 1644 1375 1734 διαφθείρει
1405 1647 1466 1711 καί

169 1745 361 1832 λυμαίνεται
381 1743 439 1810 τόν
457 1742 574 1829 γάμον.

245 1886 310 1954 κδ’.
352 1888 399 1953 Τό
420 1888 455 1954 δέ
475 1869 682 1972 έμπαθὶςέν
707 1885 791 1981 άρχή
816 1890 874 1953 καὶ
901 1884 1038 1968 δάκνον,
1068 1874 1095 1951 ά
1119 1884 1260 1974 μακάριε
1285 1888 1464 1969 Ζεύξιππε,

164 1992 214 2078 μή
243 1993 422 2084 φοβηθῇς,
455 1991 497 2070 ὡς
522 1993 613 2071 ἕλκος
636 1989 658 2072 ἢ
685 1990 894 2076 ὀδαξησμὸν·
922 1990 1030 2057 καίτοι
1054 1995 1112 2056 καὶ
1139 1990 1217 2077 μεθῗ
1246 1992 1356 2068 ἕλκους
1383 1993 1466 2070 ἴσως

167 2097 265 2164 οὐδὲν
292 2086 333 2178 ήν
361 2096 467 2163 δεινόν
495 2091 602 2186 ίίσπερ
634 2097 675 2162 τά
710 2097 831 2182 δένδρα
862 2097 995 2184 συμφυῆ
1026 2097 1183 2182 γενέσθαι
1210 2096 1293 2184 πρὸς
1321 2100 1466 2180 γυναῖκα

166 2200 330 2288 χρηστήν·
356 2202 488 2279 ἕλκωσις
510 2202 546 2268 δὲ
573 2205 630 2267 καὶ
654 2201 795 2281 κυήσεως
822 2198 926 2287 άρχή·
953 2199 1038 2285 μίξις
1063 2200 1125 2288 γάρ
1149 2198 1206 2267 ούκ
1238 2196 1306 2264 ἕστι
1321 2200 1392 2268 ,τῶν
1414 2200 1466 2282 μή

169 2305 254 2391 πρός
281 2302 407 2385 άλληλα
429 2303 655 2392 πεπονθότων.
699 2302 858 2390 Ταράττει
881 2307 991 2370 δὲκαὶ
1009 2303 1200 2390 μαθήματα
1222 2304 1343 2379 παῖδας
1361 2301 1467 2386 άρχο-

118 2413 144 2470 F
172 2408 287 2489 μένους
305 2411 363 2472 καὶ
382 2408 569 2497 φιλοσοφία
587 2410 695 2484 νέους·
722 2405 791 2473 ἄλλ’
810 2406 882 2471 ούτε
900 2407 1025 2484 τούτοις
1044 2409 1096 2472 άεὶ
1109 2407 1289 2494 παραμένει
1304 2406 1340 2471 τό
1359 2409 1469 2484 δηκτι-

170 2508 248 2595 κόν,
273 2506 346 2572 ούτε
365 2514 435 2585 τοῖς
458 2511 590 2594 έρῶσιν,
618 2506 687 2574 ἀλλ’
710 2505 817 2596 ὥσπερ
842 2507 949 2594 ύγριῖν
970 2510 1053 2594 πρός
1074 2508 1201 2588 άλληλα
1222 2507 1470 2593 συμπεσόντων,

172 2611 277 2699 ποιεῖν
296 2630 369 2675 τινα
387 2610 479 2675 δοκεῖ
491 2611 577 2688 ζέσιν
594 2610 629 2674 έν
645 2609 730 2699 άρχῇ
749 2615 806 2674 καὶ
822 2608 958 2694 τάραξιν
977 2608 1129 2694 όἜρως,
1150 2600 1220 2673 εἶτα
1238 2608 1344 2698 χρόνῳ
1365 2632 1472 2673 κατα·

172 2708 299 2801 στήσας
328 2715 386 2777 καὶ
403 2710 625 2797 καθαιρεθεὶς
651 2713 710 2797 τήν
736 2709 951 2795 βεβαιοτάτην
976 2708 1131 2777 διάθεσιν
1155 2714 1326 2798 παρέσχεν.
1371 2707 1472 2791 Αύτη

173 2812 238 2905 γάρ
259 2815 345 2880 ἐστιν
366 2812 408 2892 ὡς
426 2813 563 2895 άληθῶς
585 2812 605 2894 ή
629 2816 670 2879 δι’
691 2809 775 2879 όλων
799 2800 953 2898 λεγομένη
973 2814 1104 2901 κρᾶσις,
1134 2811 1238 2894 ἡτῶν
1259 2813 1418 2900 έράντων·
1448 2816 1473 2895 ἡ

178 2919 214 2985 δέ
235 2921 298 2985 τάν
315 2917 420 2997 άλλως
437 2913 657 3001 συμβιούντων
676 2918 747 2992 ταῖς
766 2913 835 2981 κατ’
847 2912 1044 3004 λἘπίκουρον
1064 2913 1168 3001 ἁφαῖς
1184 2918 1240 2980 καί
1258 2917 1475 3003 περιπλοκαῖς

177 3021 276 3104 ἕοικε,
296 3021 502 3112 συγκρούσεις
515 3018 731 3103 λαμβάνουσα
747 3023 803 3085 καὶ
816 3006 1051 3099 ἀποπηδήσεις,
1071 3017 1207 3098 ἑνότητα
1225 3019 1260 3084 δέ
1276 3016 1314 3082 ού
1325 3019 1473 3083 πσιούσα

177 3125 347 3207 τοιαύτην,
377 3123 454 3191 οίαν
472 3123 574 3210 Ἔρως
600 3126 705 3201 ποιεῖ,
736 3118 875 3208 γαμικῆς
904 3122 1075 3211 κοινωνίας
1102 3121 1344 3211 ἐπιλαβόμενος.
1391 3123 1473 3191 Ούτε

112 3249 163 3307 770
178 3230 241 3320 γάρ
261 3230 381 3311 ήδοναί
397 3226 543 3313 μείζονες
561 3223 615 3291 ἀπ’
636 3225 758 3305 ἄλλων,
778 3225 849 3291 ούτε
867 3228 974 3318 χρεῖαι
994 3227 1216 3313 συνεχέστεραι
1234 3227 1317 3315 πρός
1336 3224 1473 3309 ἄλλους,

180 3333 253 3402 ούτε
275 3332 389 3422 φιλίας
409 3332 447 3398 τό
468 3329 571 3397 καλόν
591 3330 702 3417 ἑτέρας
722 3327 853 3410 ἔνδοξον
874 3323 956 3396 ούτω
975 3333 1033 3396 καὶ
1053 3329 1208 3410 ζηλωτόν,

369 3457 426 3536 Ὡς
446 3451 503 3524 ὅθ’
525 3456 765 3546 ὁμοφρονέοντε
784 3455 947 3543 νοήμασιν
967 3449 1059 3541 οἶκον
1079 3455 1193 3544 έχητον

372 3561 471 3650 Ἀνήρ
491 3561 549 3643 ἠδέ
568 3560 663 3644 γυνή·

181 3717 317 3804 καὶγὰρ
335 3715 353 3782 ό
372 3713 474 3800 νόμος
495 3716 634 3799 βοηθεῖ,
653 3718 710 3782 καὶ
725 3715 901 3799 γεννήσεως
918 3717 1029 3797 κοινῆς
1051 3717 1199 3794 καὶτοὺς
1218 3714 1321 3793 θεούς
1333 3711 1476 3800 ’Ἑρωτος

120 3872 124 3880 .
182 3819 321 3913 ἡφύσις
343 3818 552 3886 ἀποδείκνυσι
575 3820 756 3906 δεομένους.
798 3816 887 3887 Οὲτω
906 3821 970 3907 γάρ
990 3820 1069 3910 έρᾷν
1090 3825 1149 3906 μέν
1170 3819 1296 3906 ὄμβρου
1317 3822 1418 3901 γαῖαν
1444 3821 1476 3882 οἱ

182 3928 319 4007 ποιηταὶ
339 3925 469 4009 λέγουσι
490 3926 547 3990 καὶ
570 3923 629 4009 γῆς
648 3921 807 4013 οὐρανόν,
838 3925 918 4014 ε’ρᾴν
939 3925 974 3991 δὲ
995 3919 1092 4004 ήλιον
1114 3922 1250 4004 σελήνης
1271 3925 1303 3989 οί
1326 3925 1478 4012 φυσικοὶ,

184 4240 221 4301 Ε.
245 4249 273 4304 6.
308 4237 382 4298 ούδλν
397 4239 437 4312 ήι]
456 4241 533 4302 Mez.
569 4241 666 4319 Vulgo
684 4239 757 4300 ούδλν
773 4239 800 4317 ή.
836 4238 910 4298 ούδὶν
925 4239 943 4313 ή
961 4242 1018 4300 BE.
1036 4240 1104 4298 Ald.
1123 4244 1190 4299 Bas«

186 4333 222 4394 E.
248 4342 274 4395 7.
308 4335 428 4407 κυήσεως]
448 4333 607 4409 Wyttenh.
626 4354 641 4392 e
659 4335 720 4396 BE.
739 4334 808 4397 Ald.
825 4339 893 4393 Bas.
911 4333 983 4409 Xyl.
1003 4331 1081 4395 Μετ.
1117 4327 1213 4410 Vulgo
1231 4331 1343 4404 κνήσεως.

184 4426 220 4488 F.
246 4433 274 4484 2.
308 4430 404 4504 ἐρῶσιν]
423 4426 516 4500 δρῶσιν
533 4428 595 4485 BE.
613 4427 682 4484 Ald.

188 4521 224 4583 F.
248 4529 276 4580 4.
312 4517 499 4596 καθαιρεθεὶς]
516 4522 657 4579 Fortasse
676 4520 884 4597 corrigendum
901 4524 1058 4593 καθαρθείς.

188 4615 223 4675 F.
247 4618 273 4675 5.
308 4613 436 4687 έρύντων·
458 4612 520 4685 ήόλ
536 4615 586 4671 τόν
605 4611 696 4679 άλλως]
715 4613 814 4673 Reisk.
849 4612 952 4688 Vulgo
968 4611 1067 4686 ἐράτων
1082 4611 1172 4671 άλλων.
