3036 4994
172 181 211 245 1⁰
648 164 982 235 IMOYTAPXOY

164 332 294 424 Ἕτερον
320 335 380 413 μέν
402 327 465 421 γάρ
489 327 707 412 καταγελῶσιν
729 324 855 407 αὐτῶν,
870 320 915 406 ,εἰ
935 322 1091 416 καθάπερ
1117 322 1227 406 θύτας
1247 328 1302 394 καί
1322 325 1463 413 μάντεις

172 437 219 520 τίς
239 440 281 505 τά
298 435 402 526 μηρία
422 438 478 500 καὶ
495 433 555 514 τὴν
578 429 684 521 ὀσφύν
703 428 898 513 ἀποβλέπειν
920 431 994 508 τούς
1017 430 1155 516 ἐραστάς
1172 428 1375 497 κελεύουσιν·
1397 432 1465 516 eya

172 547 207 612 δέ
229 542 439 630 παμμέγεθες
460 539 554 602 τοῦτο
580 537 734 619 ποιοῦμαι
755 537 890 618 σημεῖον
913 532 992 619 ύπέρ
1011 534 1075 598 τῶν
1091 536 1264 618 γυναικῶν·
1289 528 1321 598 εί
1343 534 1411 624 γάρ
1437 533 1461 616 ίγ

171 647 263 735 παρά
282 645 382 734 φύσιν
403 641 513 726 ὁμιλία
529 641 611 728 πρὸς
626 638 763 729 ἄρρενας
776 636 833 705 ούκ
847 636 978 724 ἀναιρεῖ
990 637 1048 719 τὴν
1064 638 1215 726 ε’ρωτικην
1233 633 1364 705 εῦνοιαν
1381 636 1460 704 οῦδὲ

118 757 147 815 1)
171 750 322 837 βλάπτει,
350 747 433 814 πολύ
457 745 581 831 μᾶλλον
606 739 691 820 είκύς
712 744 780 809 έστι
802 745 861 808 τὸν
885 744 1044 827 γυναικῶν
1068 739 1090 823 ἢ
1116 739 1243 827 ἀνδρῶν
1258 738 1392 830 Ἔρωτα
1419 744 1459 834 τῇ

170 851 267 943 φύσει
285 849 449 937 χρώμενον
473 843 519 926 είς
540 845 655 937 φιλίαν
673 844 728 911 διά
744 844 875 933 χάριτος
892 845 1100 927 ἐξικνεῖσθαι.
1124 843 1232 934 Χάρις
1247 843 1310 933 γάρ
1332 833 1411 925 οῦν,
1434 834 1461 911 ῶ

168 955 388 1043 Πρωτόγενες,
407 949 428 1032 ίγ
442 953 499 1016 τοῦ
507 949 632 1031 θήλεος
648 943 765 1030 ύπειξις
777 953 822 1039 τῷ
837 947 947 1039 ἀρ’ῥενι
961 949 1110 1030 κέκληται
1123 947 1205 1036 πρὸς
1217 949 1280 1013 τῶν
1290 949 1458 1014 παλαιῶν·

168 1056 213 1135 ῶς
228 1058 284 1121 καί
300 1053 469 1141 Πίνδαρος
489 1047 878 1142 ε’φητόνἯφαιστον
906 1050 1003 1119 ἀνευ
1021 1049 1200 1140 χαρίτων
1219 1050 1253 1116 ἐκ
1273 1053 1329 1132 τῆς
1344 1047 1462 1144 Ἥρας

82 1230 86 1239 ‚
167 1158 342 1244 γενέσθαι·
361 1160 419 1223 καὶ
432 1155 492 1236 τήν
505 1153 593 1222 ούπω
606 1152 719 1242 γάμων
733 1152 873 1240 ἔχουσαν
883 1149 972 1244 ίίραν
984 1155 1005 1236 ἡ
1019 1153 1151 1243 Σαπφώ
1163 1153 1458 1243 προσαγορεύουσά

117 1300 124 1311 ,
168 1281 286 1349 φησιν,
307 1253 358 1326 ίίτι

365 1359 495 1451 Σμικρά
514 1382 586 1446 μοι,
607 1361 683 1438 παῖ,
702 1355 838 1444 ἔμμεναι
858 1353 991 1446 φαίνεαι
1010 1355 1160 1448 κάχαρις·

168 1464 187 1532 δ
208 1466 243 1532 δέ
257 1462 422 1552 Ἡρακλῆς
438 1462 501 1529 ύπό
520 1486 608 1540 τινος
626 1462 798 1550 έρωτάται,

360 1566 428 1658 Βίρι
448 1567 483 1632 δέ
501 1565 628 1654 πράξας
644 1564 797 1653 χάριτας,
816 1561 839 1646 ἢ
855 1563 971 1642 πείσας
989 1564 1106 1654 κύρηνς

114 1681 143 1739 E
162 1667 215 1737 ‘H
224 1670 260 1737 δέ
272 1667 339 1735 ἀπὸ
351 1671 414 1734 τῶν
426 1666 568 1756 ἀρρένων
581 1666 741 1762 ἀκόντων,
754 1668 835 1751 μετά
846 1666 924 1751 βίας
931 1670 1084 1753 γενομένη
1095 1671 1152 1734 καὶ
1164 1667 1354 1750 λεηλασίας,
1368 1667 1412 1736 ἀν
1423 1673 1463 1739 δέ

168 1771 333 1852 έκουοίως,
354 1771 413 1837 σύν
425 1771 572 1864 μαλακίρ
583 1775 640 1838 καί
653 1770 813 1852 θηλύτητι
827 1771 1059 1855 βαίνεσθαι
1074 1772 1158 1838 κατά
1168 1771 1332 1838 Πλάτωνα
1344 1771 1460 1866 νόμω

167 1872 419 1965 τετράποδος
437 1878 506 1941 καὶ
528 1875 913 1964 παιδοσπορεῖσθαι
937 1873 1028 1963 παρά
1049 1874 1149 1964 φύσιν
1168 1873 1373 1957 ἐνδιδόντων,
1389 1877 1460 1964 χά-

167 2004 231 2068 ρις
249 1977 397 2072 ἀχαρις
414 1978 604 2046 παντάπασι
623 1981 678 2045 καί
697 1977 851 2064 ἀσχήμων
870 1980 925 2048 καλ
942 1976 1176 2067 ἀναφρόδιτος.
1209 1975 1328 2059 Ὅθεν,
1349 1969 1460 2064 οἶμαι,

165 2085 221 2151 καὶ
240 2081 259 2149 ὁ
273 2080 389 2150 Σόλων
403 2083 508 2150 έκεῖνο
521 2089 581 2169 μέν
597 2081 723 2172 ἔγραφε
740 2085 827 2161 νέος
843 2079 887 2147 ἀίν
903 2081 949 2149 ἔτι
968 2086 1024 2148 καί
1045 2083 1275 2173 σπέρματος
1297 2085 1458 2151 πολλοῦ

164 2187 330 2273 μεστὸς,
353 2186 395 2265 ῶς
416 2186 434 2254 ό
456 2186 599 2253 Πλάτων
621 2186 721 2278 φησί·
741 2191 834 2253 ταυτὶ
853 2188 889 2252 δέ
907 2184 1087 2274 πρεσβύτης
1104 2185 1282 2268 γενόμενος,

250 2311 255 2317 ·
354 2289 456 2380 Ἔργα
475 2291 511 2356 δέ
529 2292 756 2377 Κυπρογενοῦς
774 2314 832 2377 μοι
850 2293 909 2356 νῦν
930 2291 1013 2380 φίλα
1029 2295 1086 2356 καλ
1103 2288 1277 2376 Διονύσου,

327 2418 329 2424 ·
435 2394 508 2459 Καὶ
527 2395 703 2474 Μουσέων,
726 2389 877 2474 ἀτίθηδ
899 2392 1059 2480 ἀνδράσιν
1078 2390 1294 2482 εὐφροσύνας·

168 2491 274 2583 ῶσπερ
291 2495 326 2561 έκ
344 2494 441 2576 ζάλης
459 2500 516 2562 καὶ
534 2498 690 2581 χειμῶνος
711 2500 766 2562 καὶ
788 2500 852 2562 τῶν
872 2497 1030 2561 παιδικῶν
1049 2493 1174 2583 έρῶτων
1193 2494 1227 2562 έν
1247 2517 1310 2561 τινι
1326 2493 1455 2587 γαλήνῃ

114 2606 140 2664 F
168 2599 208 2691 τῇ
227 2602 301 2688 περὶ
319 2597 425 2684 γάμον
441 2602 496 2664 καὶ
519 2597 723 2687 φιλοσοφίαν
741 2600 882 2682 θέμενος
898 2599 955 2664 τὸν
971 2599 1056 2682 βίον.
1079 2594 1142 2665 Ἐἰ
1159 2603 1221 2684 μέν
1239 2587 1298 2665 οὖν
1316 2598 1353 2664 τὸ
1374 2596 1455 2679 ἀλη-Ι

165 2704 230 2781 θές
254 2704 448 2785 σκοποῦμεν,
474 2691 741 2789 ῶΙΙρωτὸγενες,
766 2698 802 2768 έν
826 2707 882 2769 καὶ
907 2701 1026 2769 ταύτύν
1051 2704 1119 2770 έστι
1144 2705 1228 2792 πρὸς
1253 2703 1376 2780 παῖδας
1396 2706 1455 2769 καί

164 2809 321 2894 γυναῖκας
342 2803 457 2882 πάθος
479 2803 516 2869 τὸ
540 2806 603 2869 τῶν
621 2803 775 2895 Ἐρώτων·
795 2801 826 2871 εί
843 2807 878 2870 δέ
895 2805 1029 2889 βούλοιο
1049 2809 1239 2898 φιλονεικῶν
1259 2808 1399 2894 διαιρεῖν
1414 2805 1454 2872 οῦ

164 2909 281 2996 μέτρια
299 2906 399 2988 δόξειε
415 2912 518 2973 ποιεῖν
533 2906 713 2986 ὁπαιδικός
730 2899 840 2990 οὗτος,
862 2908 930 2976 ἀλλ’
947 2905 1052 2999 ὥσπερ
1072 2909 1135 3000 ὀφέ
1153 2909 1291 2995 γεγονῶς
1303 2912 1361 2976 καὶ
1374 2907 1452 2995 παρ’

166 3007 256 3102 δέραν
284 3012 329 3102 τῷ
351 3011 412 3101 βίῳ
438 3009 544 3088 νόθος
570 3017 627 3079 καὶ
654 3011 781 3090 σκότιος
807 3012 963 3094 ἐξελαύνει
989 3015 1047 3080 τὸν
1079 3013 1214 3099 γνήσιον
1234 3000 1365 3101 Ἔρωτα
1383 3015 1454 3078 καί

165 3113 392 3204 πρεσβύτερον,
436 3111 551 3199 Ἐχθὲς
571 3116 654 3204 γάρ,
684 3106 709 3180 ἀ
737 3117 857 3204 ε’ταῖρε,
886 3121 941 3183 καί
964 3116 1075 3205 πρῶην
1095 3117 1177 3202 μετά
1199 3117 1257 3194 τάς
1278 3115 1454 3194 ἀποδύσεις

165 3221 222 3286 καλ
238 3217 479 3305 ἀπογυμνώσεις
500 3221 563 3285 τῶν
584 3222 664 3285 νέων
677 3221 825 3306 παραδὺς
846 3217 892 3299 εἰς
913 3222 954 3288 τά
969 3221 1133 3307 γυμνάσια
1153 3225 1210 3286 καί
1228 3242 1453 3309 προσανατρι·

163 3321 417 3407 βὸμενοςίγσυχῦ
428 3325 484 3388 καί
496 3322 746 3412 προσεμβαλών,
765 3312 834 3389 εἶτα
849 3324 933 3390 κατά
951 3325 1069 3412 μικρὸν
1089 3325 1123 3390 ίν
1142 3328 1213 3400 ταῖς
1232 3321 1454 3408 παλαίστραις

98 3436 149 3492 75²
165 3423 395 3514 πτεροφυήσας
423 3423 527 3491 οὐκέτι
548 3425 712 3504 καθεκτὸς
731 3427 831 3506 έστιν,
866 3425 949 3492 ἀλλά
974 3429 1120 3517 λοιδορεῖ
1140 3430 1198 3493 καὶ
1218 3427 1454 3514 προπηλακίζει

164 3528 222 3595 τὸν
233 3527 395 3614 γαμήλιον
405 3529 526 3595 ἐκεῖνον
540 3533 596 3595 καὶ
615 3528 770 3616 συνεργὸν
789 3526 982 3606 ἀθανασίας
997 3533 1041 3620 τῷ
1055 3532 1168 3619 θνητῷ
1184 3530 1287 3617 γένει,
1316 3529 1452 3611 σβεννυ.

164 3635 264 3715 μένην
281 3631 373 3719 ἡμῶν
390 3633 449 3714 τὴν
469 3633 568 3723 φύσιν
581 3630 680 3711 εὐθὺς
704 3631 923 3714 ἐξανάπτοντα
942 3633 997 3698 διά
1016 3636 1079 3700 τῶν
1096 3633 1257 3715 γενέσεων.
1300 3620 1404 3708 θύτος
1418 3631 1453 3696 δέ

164 3736 311 3825 ἀρνεῖται
329 3737 387 3818 τὴν
406 3736 542 3818 ἡδονήν·
563 3735 748 3823 αἰσχύνεται
765 3737 827 3824 γάρ
848 3741 904 3805 καί
923 3724 1090 3826 φοβεῖται,
1113 3737 1165 3802 δεῖ
1180 3737 1216 3801 δέ
1233 3758 1321 3814 τινος
1339 3733 1455 3822 εῦπρε-

164 3841 258 3920 πείας
282 3840 450 3933 άπτομένρι
469 3843 578 3908 καλῶν
600 3845 656 3909 καί
680 3839 824 3929 ἀραίων·
853 3839 1032 3929 πρόφασις·
1045 3830 1104 3907 ούν
1128 3841 1224 3931 φιλία
1252 3843 1310 3906 καί
1333 3836 1455 3928 ἀρετητ

163 4007 395 4022 m

165 4108 203 4167 Ι).
227 4115 253 4168 1.
286 4107 332 4165 τὸν
346 4111 479 4181 γυναικῶν]
496 4108 557 4168 ΒΕ.
576 4108 654 4167 Mez.
672 4107 742 4182 Xyl.
760 4125 839 4168 vers,
873 4108 968 4185 Vulgo
985 4111 1033 4164 τῶν
1048 4109 1179 4181 γυναικῶν,

166 4201 203 4260 D.
229 4208 255 4260 ³.
288 4201 392 4270 θήλεος]
411 4203 445 4261 Ε.
479 4201 581 4277 Vulgo
598 4201 704 4270 θήλεως.

166 4293 204 4355 Ι).
226 4301 252 4351 7.
287 4293 385 4368 Σμαρά
402 4298 471 4363 ατο]
489 4294 614 4369 Egregie
631 4293 775 4366 Bergkius
792 4311 873 4349 meus
891 4296 1034 4368 conjecit:

432 4384 533 4460 Σμικρά
548 4410 594 4456 μοι
611 4382 668 4447 πάῖς
685 4392 802 4456 ίμμειιιι,
828 4431 832 4437 .

431 4481 524 4550 'Aa-ot,
542 4486 629 4552 φαίνεο
647 4475 760 4548 κᾶχαρις.

165 4575 199 4633 Ε.
225 4581 249 4633 ί.
283 4580 411 4646 γενομένη]
430 4594 467 4631 ex
483 4593 547 4631 mea
566 4574 745 4647 conjectura.
781 4570 880 4646 Vulgo
898 4575 1028 4645 λεγομένη.

159 4668 195 4726 Ε,
219 4674 243 4726 2,
276 4671 406 4743 μαλακίᾳ]
422 4666 482 4726 ΒΕ.
519 4667 620 4743 Vulgo
637 4671 727 4739 μανίᾳ.
