3036 4994
572 160 824 231 ΕΡΩΤΙΚΟΣ.
1313 163 1352 229 et

61 331 124 412 Qui
154 337 249 407 vero,
283 351 345 395 non
372 328 451 393 mala
480 327 586 392 indole
614 325 768 408 praediti,
796 322 936 407 decepti,
968 335 1020 390 aut
1050 323 1111 388 vim
1143 324 1228 408 passi
1257 336 1353 400 sunt,

60 436 211 501 neminem
244 435 401 498 hourinum
435 433 533 552 magis
567 434 720 507 oderunt,
751 451 843 512 quam
874 441 1017 492 auctores
1047 430 1201 506 sceleris,
1232 451 1351 514 eosque

58 560 182 623 semper
202 534 364 622 suspectos
385 550 415 602 et
434 537 554 603 invisos
574 539 709 610 habent,
740 557 777 597 ae
797 534 903 598 oblata
924 531 1091 598 occasione
1111 533 1255 618 injuriam
1277 557 1353 619 gra·
1401 576 1404 581 ·

57 643 141 709 viter
155 640 356 709 ulciscuntum
392 646 471 707 Nam
487 643 675 708 Archelaum
692 640 861 712 Crateuas,
877 654 967 722 quem
983 636 1009 700 is
1023 638 1168 704 aurasium
1182 643 1351 718 habuerat,

58 747 233 813 interiecit:
257 762 287 812 et
302 749 515 814 Alexandrum
531 749 705 810 Pheraeum
721 743 914 824 Pytholaus:
938 755 968 806 et
982 742 1114 807 amasius
1128 746 1350 822 Periandrum,

56 853 330 918 Arubraciotarum
344 866 524 935 tyranuum,
546 851 683 924 necavit,
700 871 794 933 aegre
808 848 929 924 serens,
951 870 984 911 se
997 850 1037 909 ab
1053 868 1091 911 eo
1106 846 1353 935 interrogatum,¹

55 955 182 1048 ecquid
197 969 339 1025 uterum
351 958 482 1058 ferret.
525 953 590 1031 [At
610 954 763 1018 uxoribus
784 952 891 1034 initia]
915 964 986 1015 sunt
1007 951 1180 1027 amicitiae,
1205 966 1349 1037 tanquam

55 1084 236 1146 niagnorurn
267 1085 429 1126 sacrorum
462 1059 541 1136 [hae
571 1057 898 1137 communicationes}
950 1059 995 1120 Et
1025 1055 1196 1138 voluptatis
1225 1059 1349 1142 quidem
1394 1044 1398 1055 ¹

53 1165 166 1248 exigua
188 1180 233 1230 est
253 1167 383 1249 portio:
413 1168 468 1228 sed
487 1188 542 1246 qm
533 1163 634 1226 hinc
636 1162 796 1248 quotidie
816 1162 947 1244 pullulat
967 1163 1089 1238 honor,
1117 1161 1236 1243 gratia,
1260 1183 1352 1226 arator

52 1285 191 1348 mmnus,
207 1284 301 1355 atque
316 1272 410 1344 fides,
426 1268 570 1344 ostendit,
585 1268 726 1350 Delphos
741 1289 933 1351 nequaquam
949 1265 1108 1344 delirasse,
1124 1266 1350 1348 qui'Venercm

52 1370 186 1438 Ιιιινιιιιι
214 1374 304 1456 quasi
329 1397 454 1436 currum
476 1395 492 1436 a
513 1371 734 1455 conjunctione
754 1371 1012 1437 noraiuaverunt:
1040 1393 1141 1453 neque
1161 1374 1350 1448 Homerum,

53 1476 108 1560 qui
129 1475 300 1558 conjugum
321 1480 519 1540 concubitum
541 1476 693 1540 amicitiae
722 1500 802 1541 voce
828 1460 975 1541 ornavit.
1009 1488 1072 1540 tum
1094 1475 1242 1541 Solonem
1263 1477 1349 1560 peri·

53 1580 203 1644 tissimum
225 1579 321 1644 fuisse
337 1579 558 1685 conjugialium
577 1581 680 1662 legum
696 1582 906 1656 conditorem,
929 1580 983 1662 qui
998 1596 1046 1645 ter
1059 1580 1216 1656 ruinimum
1232 1582 1348 1665 quovis

55 1707 157 1748 mense
179 1683 317 1747 maritum
339 1707 407 1747 cum
429 1707 529 1748 uxore
551 1687 638 1750 coire
657 1685 767 1768 jussit,
787 1709 849 1749 non
871 1709 943 1749 saue
965 1685 1134 1767 voluptatis
1155 1710 1267 1757 causa·
1292 1692 1348 1753 sed

53 1789 134 1851 sicut
163 1788 303 1852 civitates
333 1789 414 1857 inter
440 1813 472 1852 se
502 1790 630 1854 foedera
658 1791 810 1872 temporis
838 1792 944 1874 aliquo
973 1791 1140 1857 intervallo
1166 1806 1344 1858 renovant·

54 1889 94 1954 ita
116 1892 225 1956 volens
246 1893 410 1957 amicitiam
438 1895 626 1959 matrimonii
652 1896 783 1959 subinde
806 1899 863 1957 hac
884 1894 1006 1959 ratione
1027 1895 1205 1960 instaurari.
1246 1899 1346 1982 Atqui

53 1999 164 2072 rirulta,
192 1997 331 2080 inquies,
361 2001 438 2063 male
466 2014 496 2064 et
522 2000 643 2064 furiose
664 2014 760 2082 agunt
781 2000 924 2062 mulieres
945 2013 1099 2064 amantes·
1134 2003 1246 2063 Nonne
1269 2009 1346 2064 vero

53 2103 142 2182 plura
165 2104 319 2166 masculus
341 2126 429 2167 amor
450 2107 543 2167 habet
561 2103 678 2166 soeda‘?
700 2101 822 2186 [qualia
840 2095 914 2165 hacc
928 2116 1017 2166 stunt:
1040 2100 1348 2169 Familiaritalem

54 2206 248 2296 respiciens
268 2204 392 2296 lapsus
412 2228 513 2282 suin,
541 2205 724 2286 imberbis,
752 2205 884 2280 mollis,
908 2203 1059 2292 pulcher
1071 2205 1218 2284 juvenis
1228 2228 1240 2270 .·
1269 2208 1347 2270 ltem

53 2313 126 2384 hoc,
136 2307 390 2377 Irrlrnerescens
406 2311 522 2398 cupio]
538 2310 641 2384 errori,
656 2322 689 2375 et
702 2309 971 2395 inscriptionem
984 2307 1163 2402 sepulchri
1176 2312 1346 2389 nancisci.

55 2418 118 2477 Sed
139 2418 396 2494 quemadmodum
418 2438 451 2478 ea
473 2415 596 2479 affectio
617 2416 710 2478 furor
731 2418 879 2478 adversus
893 2437 1026 2498 pueros,
1048 2417 1087 2478 ita
1103 2429 1244 2480 neutrum
1259 2439 1348 2480 amor

56 2532 115 2582 est.
158 2518 322 2581 Caeterum
344 2541 463 2583 omnem
486 2519 666 2584 mulieribus
687 2524 849 2583 detrahere
869 2518 1166 2596 virtutem‚'rationi
1181 2535 1346 2607 repugnat.

56 2626 100 2687 Et
122 2646 189 2686 curn
211 2646 314 2686 earum
336 2609 499 2705 pudicitia,
529 2623 710 2707 prudentia,
724 2626 828 2700 tides,
855 2624 988 2701 iustitia,
1018 2625 1093 2706 quin
1114 2639 1144 2690 et
1170 2628 1347 2703 fortitudo,

55 2729 198 2802 audacia,
228 2728 460 2811 magnanimitas
481 2729 510 2792 in
534 2730 636 2794 umltis
657 2731 810 2794 elucescat
831 2729 981 2816 insignis,
1011 2733 1103 2813 plane
1122 2732 1258 2815 ineptum
1281 2741 1348 2808 est,¹

56 2846 194 2897 naturam
221 2857 324 2896 carum
352 2839 391 2898 ad
415 2835 472 2898 alia
499 2834 600 2898 omnia
629 2835 729 2898 officia
758 2835 919 2910 idoneam,
948 2835 1143 2918 vituperandi
1164 2837 1263 2918 gratia
1284 2835 1347 2897 dici

55 2944 94 3002 ad
115 2941 212 3002 solam
227 2935 397 3002 'anricitiam
414 2928 488 3003 nihil
511 2944 625 3004 habere
640 2939 870 3003 concinnitatis.
911 2943 991 3002 Nam
1008 2953 1037 3002 et
1059 2940 1198 3000 virorum
1220 2927 1348 3000 suorum

56 3058 86 3107 et
110 3045 281 3109 liberorum
310 3067 435 3108 suorum
464 3032 598 3108 amantes
625 3057 695 3108 sunt
722 3056 829 3106 natura
857 3044 1017 3118 mulieres,
1048 3055 1078 3105 et
1103 3041 1258 3106 naturales
1279 3039 1349 3106 illas

57 3148 205 3226 diligendi
226 3149 435 3221 adiectiones,
457 3160 599 3231 tanquam
619 3152 697 3210 uber
711 3148 823 3233 aliquis
839 3169 930 3226 ager,
950 3147 980 3210 in
996 3169 1029 3211 se
1044 3149 1173 3222 habent,
1192 3146 1348 3232 facileque

56 3251 211 3332 recipiunt
238 3275 395 3326 amorem,
426 3274 524 3336 neque
552 3275 567 3314 a
596 3251 734 3327 Gratiis,
768 3274 868 3336 neque
895 3274 910 3314 a
939 3252 1070 3314 Suadela
1098 3252 1227 3318 alienae.
1274 3254 1346 3333 Quo

57 3370 159 3422 autem
183 3359 275 3418 modo
296 3355 401 3436 poe'sis
425 3356 561 3421 sermoni
585 3357 778 3422 condimenta
806 3359 954 3442 quaedam
982 3357 1194 3436 modulorum,
1224 3360 1347 3423 mensu·

59 3613 92 3668 Β,
117 3621 141 3672 7.
178 3608 404 3692 κιλτιιγριλιιμιιιιις]
424 3615 523 3691 Vulgo
541 3624 583 3671 καὶ
600 3614 798 3690 λπιγριλμματος.

60 3705 95 3764 Β
120 3712 195 3765 9.τ
227 3710 316 3761 δὲδιῖ
339 3711 415 3776 λέγειν
438 3715 495 3780 περὶ
519 3710 690 3780 σωφροσύνης]
716 3728 731 3766 e
750 3728 812 3766 mea
832 3712 1010 3784 conjectura.
1047 3710 1147 3787 Vulgo
1165 3717 1193 3768 τί
1204 3716 1241 3768 tn
1254 3717 1350 3782 λέγεις

210 3804 267 3870 napi
285 3803 311 3853 δὲ
329 3798 502 3874 aequandam.

61 3891 94 3952 C.
122 3897 192 3949 tt
181 3899 298 3965 ἐπιφανὲς
323 3901 424 3964 γεγιιοιι
452 3895 575 3967 φιλιαιιλὲ
593 3894 655 3969 πρὸς
676 3895 708 3950 ati
733 3896 808 3963 ἅλλα]
837 3914 939 3953 euleu
963 3897 1144 3970 conjectura.
1191 3897 1250 3954 ΒΕ.
1279 3897 1350 3956 Ald.

210 3993 376 4057 inspumate
395 3992 525 4057 ydyorrdl
540 3989 603 4055 uude
619 3988 651 4042 ed
669 3985 741 4046 cilici.
777 3989 845 4044 Bas.
864 3995 992 4061 lutearia·
1009 3997 1091 4062 ydyora
1110 3989 1214 4063 δὲπρὸς
1229 4014 1260 4044 ιιι
1250 3989 1348 4047 dita.

212 4078 313 4153 Vulgo
330 4086 446 4148 intepuit<
461 4088 546 4152 γέγονε
559 4079 621 4156 npeic
636 4081 668 4136 τὰ
686 4079 757 4138 ἄλλα.
795 4081 951 4155 Wyttenb.
971 4083 1099 4156 conjecit
1116 4090 1234 4156 λιιιφαιλς
1249 4091 1372 4164 γέγονε·

210 4171 275 4242 πρὸς
292 4169 362 4225 dl
335 4195 366 4225 τιι
385 4169 458 4227 ἄλλα.

65 4258 98 4316 C.
123 4259 160 4317 ih
184 4263 293 4326 catule
278 4263 464 4336 eWyttenh.
485 4268 665 4340 conjectura.
699 4265 800 4341 Vulgo
817 4267 890 4322 nord.

64 4352 97 4409 C.
121 4361 146 4408 2.
181 4351 233 4408 ἄλλ’
250 4353 266 4424 ἤ
282 4358 423 4425 ψέγοντας]
444 4357 503 4413 BE.
538 4357 633 4433 Vulgo
652 4354 705 4415 ἄλλ’
725 4356 743 4429 ἢ
760 4367 898 4431 ψέγονιαι,
927 4377 984 4435 pro
1003 4378 1061 4436 quo
1079 4360 1170 4419 edidit
1187 4362 1342 4436 Wyttenb.

210 4446 245 4517 μὴ
262 4453 394 4516 ψέγοντας.

63 4534 96 4591 C.
122 4534 160 4591 ib.
179 4536 332 4605 nuntiarem]
355 4537 416 4597 BE.
435 4539 589 4613 Wytteub.
607 4541 781 4613 nuntiauere,
798 4555 829 4603 ut
847 4556 891 4602 est
910 4546 942 4602 in
962 4545 1029 4607 Ald.
1049 4550 1116 4611 Bas.
1393 4404 1436 4656 Δ
