3036 4994
162 198 183 262 ⁶
651 186 987 260 ΠΛΟΥΤΑΡΧΟΥ

163 353 237 433 τούς
249 353 309 420 σύν
322 352 408 445 αύτῷ
421 351 652 441 παρεγένοντο·
671 354 728 417 καὶ
746 352 811 417 τών
829 348 937 415 ἄλλων
956 348 1077 440 φίλων,
1100 342 1172 417 οἷον
1186 350 1220 417 έκ
1233 354 1461 438 παρασκευῆς,

162 463 207 551 τῷ
220 458 315 544 μένό
332 461 503 548 Δαφναῖος
515 459 642 546 παρῆν,
662 456 756 545 τῷδέ
773 453 1033 544 ύΠρωτογένης·
1052 453 1138 520 ἀλλὰ
1156 445 1252 534 οὗτος
1265 461 1325 540 μέν
1338 454 1463 538 ἀνέδην

163 562 250 649 ἔλεγε
268 563 375 640 κακώς
392 562 452 642 τῆν
467 557 720 649 Ἰσμηνοδώραν·
743 556 762 623 ὁ
782 558 818 624 δέ
837 559 1025 646 Δαφναῖος,
1049 545 1297 643 ὮἩράκλεις,
1325 558 1394 648 ἔφη
1401 609 1412 640 ,
1432 559 1464 626 τί

164 666 222 734 οῦκ
238 667 280 733 ἄν
292 691 338 744 τις
350 663 621 754 προσδοκήσειεν,
641 658 673 728 εί
681 665 738 727 καὶ
751 662 965 747 Πρωτογένης
978 657 1073 748 ἔρωτι
1083 660 1275 744 πολεμῆσων
1283 661 1472 753 πάρεστιν,

163 761 189 862 ᾧ
207 775 264 836 καὶ
283 769 399 836 παιδιά
418 767 587 832 πᾶσακαὶ
607 765 732 845 σπουδῆ
752 767 826 850 περὶ
837 763 966 850 Ἔρωτα
986 765 1043 829 καλ
1062 765 1104 831 δι’
1119 761 1279 852 Ἔρωτος,

113 922 136 980 Β
357 892 464 985 Λήθη
484 894 519 960 δέ
538 890 657 978 λόγων,
677 890 769 984 λῆθη
790 893 825 958 δέ
844 889 991 977 πάτρας,

162 1023 222 1111 οὐχ
233 1022 275 1101 ὡς
286 1024 331 1113 τῷ
344 1022 441 1089 Λαΐω
461 1022 554 1088 πέντε
569 1018 673 1105 μόνον
687 1018 815 1107 ἡμερῶν
831 1018 982 1104 άπέχοντι
994 1019 1052 1100 τῆς
1064 1019 1238 1110 πατρίδος·
1255 1021 1384 1112 βραδύς
1395 1023 1465 1116 γάρ

164 1127 183 1196 ό
203 1128 325 1194 ἐκείνου
342 1130 399 1192 καὶ
417 1129 571 1214 χερσαῖος
579 1124 699 1212 Ἔρως·
720 1120 739 1189 ό
760 1124 795 1188 δέ
816 1122 873 1200 σός
892 1123 926 1188 έκ
946 1122 1099 1201 Κιλικίας
1115 1121 1282 1205 Ἀθήναζε

435 1293 474 1309 -
495 1252 646 1344 λαιψηρά
658 1240 832 1330 Ικυκλώσας
850 1248 953 1339 πτερά

162 1379 351 1458 διαπόντιος
376 1382 528 1460 πέταται,
557 1378 633 1458 τούς
650 1379 772 1457 καλούς
791 1380 922 1469 έιγορών
941 1381 997 1445 καὶ
1016 1377 1297 1467 συμπλανώμενος.
1332 1378 1467 1467 Ἀμέλει

157 1488 225 1574 γάρ
244 1483 278 1565 έξ
295 1483 398 1573 ἀρχῆς
417 1481 556 1570 έγεγόνει
575 1478 707 1563 τοιαύτη
727 1505 774 1559 τις
793 1479 882 1548 αἰτία
904 1484 949 1574 τῷ
963 1485 1169 1571 Πρωτογένει
1186 1487 1244 1565 τῆς
1263 1484 1468 1571 ἀποδημίας,

243 1586 283 1654 δ.
320 1588 505 1671 Γενομένου
519 1586 554 1651 δέ
565 1586 717 1667 γέλωτος,
738 1582 757 1650 ό
771 1587 998 1672 Πρωτογένης,
1016 1583 1094 1673 Ἐγώ
1112 1587 1149 1653 δέ
1164 1608 1219 1653 σοι
1233 1588 1334 1669 δοκῶ,
1355 1579 1463 1672 εἶπεν,

116 1757 132 1767 ,,
157 1689 354 1778 Ἔρωτινῦν
377 1691 529 1773 πολεμεῖν
536 1737 545 1770 ,
574 1685 635 1775 οὐχ
659 1685 737 1777 ῦπέρ
752 1687 893 1778 Ἔρωτος
916 1687 1143 1776 διαμάχεσθαι
1170 1690 1254 1777 πρὸς
1275 1689 1468 1761 ἀκολασίαν

130 1803 132 1807 ’
164 1798 222 1871 καί
240 1788 335 1879 ύβριν
352 1787 532 1878 αἰσχίστοις
547 1789 719 1880 πράγμασι
735 1795 794 1858 καὶ
807 1791 954 1857 πάθεσιν
974 1789 1019 1871 είς
1035 1792 1076 1858 τά
1090 1789 1248 1877 κάλλιστα
1259 1798 1323 1882 καὶ
1343 1794 1466 1879 σεμνό-Ι

116 1914 145 1973 c
165 1920 249 1965 τατα
275 1900 338 1963 τών
364 1893 534 1980 ὀνομάτων
552 1891 817 1980 είσβιαζομένηνς
853 1895 925 1961 Καὶ
958 1893 976 1960 ό
1004 1897 1196 1983 Δαφναίας,
1235 1897 1402 1984 Αἴσχιστα
1426 1901 1466 1978 δέ

165 2002 294 2080 καλεῖς,
326 1997 410 2088 ἔφη,
438 1996 545 2084 γάμον
563 2002 621 2064 καὶ
644 1996 784 2066 σύνοδον
802 1997 923 2086 ἀνδρός
943 2001 998 2064 καί
1016 1998 1186 2087 γυναικός,
1217 1989 1255 2079 ἧς
1275 1999 1314 2066 ού
1329 2002 1466 2089 γέγονεν

167 2102 236 2172 οῦδ
257 2102 344 2173 ἔστιν
364 2105 518 2191 ἱερωτέρα
536 2100 736 2187 κατάζευξιςς
754 2099 856 2168 Ἀλλά
875 2104 1064 2187 ταῦταμὲν,
1084 2091 1170 2171 εἶπεν
1188 2099 1206 2167 ύ
1225 2105 1465 2191 Πρωτογένης,

167 2207 332 2295 όναγκαῖα
351 2207 434 2295 πρός
452 2208 577 2290 γένεσιν
597 2205 693 2283 ὄντα,
715 2204 926 2291 σεμνύνουσιν
945 2203 983 2271 ού
1003 2205 1137 2294 ηαύλως
1152 2205 1384 2289 ολνομοθέται
1399 2210 1461 2272 καὶ

166 2311 396 2397 κατευλογοῦσι
411 2310 495 2396 πρός
512 2309 588 2386 τούς
604 2306 762 2386 πολλούς·
783 2307 949 2390 άληθινοῦ
974 2311 1008 2374 δέ
1021 2308 1164 2398 Ἔρωτος
1190 2297 1259 2375 οὐδ’
1284 2305 1392 2397 ὁτιοῦν
1416 2308 1460 2398 τῆ

166 2412 406 2498 γυναικωνίτιδι
415 2414 581 2496 μέτεστιν,
600 2411 673 2477 οὐδ’
690 2413 769 2502 έρᾴν
782 2409 867 2491 ύμάς
886 2409 983 2496 ἔγωγέ
996 2437 1082 2498 φημι
1096 2412 1171 2497 τοῦς
1185 2409 1310 2496 γυναιξι
1322 2431 1462 2498 προσπε-

168 2513 340 2591 πονθότας
352 2510 375 2592 ἢ
387 2515 586 2600 παρθένοις,
608 2509 714 2599 ὥσπερ
728 2512 802 2578 οὐδὲ
813 2522 893 2598 μυῖα
906 2514 1079 2599 γάλακτος,
1098 2514 1172 2603 οῦδέ
1182 2517 1329 2599 μέλιτται
1342 2516 1466 2602 κηρίων

117 2653 144 2710 D
170 2617 303 2704 έρώσιν,
324 2614 400 2683 οῦδὲ
420 2621 561 2683 σιτευταὶ
580 2619 637 2683 καὶ
655 2615 805 2704 μάγειροι
823 2618 1062 2707 ριλοεγρονοῦσι
1078 2610 1261 2701 πιαίνοντες
1279 2616 1343 2713 ύπό
1359 2617 1466 2709 σκότῳ

168 2717 311 2806 μόσχους
332 2722 389 2789 καί
409 2717 560 2804 ὄρνιθας.
596 2715 680 2786 Ἀλλ’
708 2713 814 2810 ώοπερ
839 2720 889 2786 έπὶ
912 2722 1015 2787 σιτίον
1040 2721 1111 2807 ι’έγει
1133 2725 1189 2788 καὶ
1208 2721 1296 2814 ὄψον
1318 2719 1339 2803 ἡ
1365 2721 1468 2810 φύσις

168 2823 305 2911 μετρίως
326 2825 383 2889 καὶ
408 2823 525 2899 ἱκανῶς
549 2820 609 2901 τῆν
635 2819 755 2910 ὄρεξιν,
788 2821 807 2906 ῆ
836 2824 871 2888 δέ
895 2822 1057 2913 ὑπερβολὴ
1081 2824 1197 2905 πάθος
1222 2827 1466 2912 ἐνεργασαμένη

170 2924 351 3014 λαιμαργία
373 2948 422 3003 τις
446 2918 469 3006 ἢ
488 2922 632 3015 φιλοψία
652 2927 812 2995 καλεῖται’
837 2921 938 3006 οῦτως
958 2926 1060 2995 ένεστι
1080 2933 1121 3021 τῆ
1141 2927 1238 3021 φύσει
1261 2929 1298 3025 τό
1326 2924 1468 2995 δεῖσθαι

170 3033 227 3110 τῆς
241 3027 297 3094 ἀπ’
314 3026 462 3109 άλλῆλων
478 3027 598 3110 ἡδονῆς
608 3032 764 3112 γυναῖκας
778 3032 835 3099 καὶ
849 3029 991 3121 ἄνδρας,
1011 3033 1070 3114 τὴν
1082 3035 1117 3099 δέ
1132 3032 1184 3099 ε’πὶ
1200 3037 1295 3099 τοῦτο
1308 3035 1467 3110 κινοῦσαν

171 3131 278 3219 ὁρμὴν
304 3128 525 3221 σᾳροδρότητι
554 3135 612 3197 καὶ
633 3129 724 3228 ῥώμη
750 3136 926 3218 γενομένην
948 3135 1073 3214 πολλὴν
1094 3139 1149 3201 καί
1172 3133 1402 3202 δυσκάθεκτον
1428 3122 1468 3202 οῦ

170 3231 399 3326 προσηκόντως
407 3233 532 3322 Ἔρωτα
546 3237 712 3301 καλοῦσιν.
723 3234 829 3322 Ἔρως
847 3236 911 3327 γάρ
932 3234 1070 3327 εῦιρυοῦς
1088 3243 1145 3304 καὶ
1160 3241 1236 3317 νέας
1247 3241 1355 3330 ψυχῆς
1374 3237 1467 3328 άψά-

169 3358 266 3423 μενος
284 3332 329 3415 είς
346 3334 465 3426 είρετην
484 3338 539 3403 διὰ
557 3336 671 3426 φιλίας
683 3339 827 3438 τελευτρῦ·
846 3342 918 3418 ταῖς
938 3341 973 3406 δέ
992 3341 1076 3431 πρός
1094 3344 1251 3427 γυναῖκας
1269 3341 1467 3432 ἐπιθυμίαις

120 3479 145 3537 Ε
171 3437 316 3520 ταύταις,
339 3436 381 3505 ι’ίν
396 3439 516 3528 ἄριστα
529 3442 686 3518 πέσωσιν,
705 3440 828 3522 ῆδονῆν
845 3442 986 3531 περίεστι
1000 3446 1218 3531 καρποῦσθαι
1237 3448 1293 3511 καὶ
1314 3442 1465 3511 άπόλαυ-

170 3565 223 3608 σιν
247 3538 335 3632 ίόρας
357 3547 412 3610 καὶ
441 3541 605 3628 σώματος,
636 3542 677 3623 ὡς
697 3542 918 3634 έμαρτῦρησεν
933 3543 1145 3633 Ἀρίστιππος
1163 3548 1210 3638 τῷ
1228 3548 1468 3636 κατηγοροῦντι

170 3647 300 3727 Λαΐδος
318 3642 401 3736 πρὸς
419 3645 532 3725 αὐτόν,
554 3646 595 3724 ὡς
611 3645 650 3712 ού
674 3648 845 3737 φιλούσης,
865 3645 1142 3736 ἀποκρινάμενος,
1163 3646 1213 3716 ὅτι
1228 3652 1359 3717 καὶτὸν
1374 3641 1468 3718 οἶνον

172 3750 274 3816 οἴεται
303 3752 361 3816 καὶ
388 3750 446 3814 τόν
472 3744 573 3835 ἰχθῦν
598 3750 644 3833 μῆ
671 3753 778 3840 φιλεῖν
797 3749 918 3834 αὐτόν,
947 3750 1017 3818 ἀλλ’
1044 3753 1144 3834 ἡδέως
1170 3755 1309 3844 έκατέριρΙ
1332 3756 1466 3843 χρῆται.

176 3856 276 3931 Τέλος
289 3853 352 3942 γάρ
369 3853 548 3938 έπιθυμίοις
567 3852 671 3934 ῆδονῆ
690 3857 748 3923 καὶ
760 3851 952 3931 ἀπόλαυσις.
973 3854 1076 3947 Ἔρως
1089 3858 1123 3926 δέ
1136 3856 1339 3948 προσδοκίαν
1350 3857 1470 3945 φιλίας

172 3953 349 4042 ἀποβαλών
369 3954 427 4023 οῦκ
447 3956 557 4021 έθέλει
577 3959 778 4042 παραμένειν
797 3954 871 4027 οῦδέ
891 3957 1090 4048 θεραπεύειν
1110 3958 1161 4053 εἰμ’
1184 3955 1254 4057 ώρρ
1277 3959 1316 4027 τό
1339 3962 1469 4028 λυποῦν

176 4149 402 4168 m

172 4273 210 4328 A.
229 4272 280 4327 ult.
298 4273 400 4342 παιδιά]
418 4271 572 4348 Wyuenb.
591 4293 607 4330 ε
625 4273 696 4346 Xyl.
715 4284 744 4328 et
761 4272 839 4332 Mez.
858 4273 954 4350 Vulgo
972 4282 1085 4334 παιδεία.

175 4365 206 4420 B.
234 4374 258 4424 τ.
293 4367 365 4440 λῆοη
381 4372 408 4424 δὲ
424 4365 516 4440 λόγων]
536 4367 596 4426 ΒΕ.
615 4367 682 4425 Ald.
699 4367 766 4425 Bas.
786 4366 881 4442 Vulgo
895 4375 941 4440 μὲν
956 4389 1013 4445 pro
1033 4375 1069 4429 δι’.

175 4457 206 4510 Ιλ.
234 4461 263 4517 3.
296 4465 399 4528 ικεέιου]
419 4461 514 4522 Turn.
533 4461 568 4519 V.
587 4457 683 4536 Bong.
701 4459 797 4536 Vulgo
816 4467 921 4522 ἐκείνων.

173 4550 205 4606 C.
225 4550 278 4608 ult.
300 4555 425 4622 μέλιτται]
444 4554 506 4614 ΒΕ.
523 4555 620 4631 Vulgo
635 4559 750 4627 μέλιττα.

173 4643 213 4702 Ι).
236 4651 262 4700 4.
299 4647 417 4716 φιλοψία]
436 4665 451 4702 e
469 4647 617 4720 Xylandri
634 4641 815 4722 conjectur'a.
850 4649 950 4728 Vulgo
969 4654 1120 4722 φιλοψυχία.
