3036 4994
104 193 161 259 tto

170 367 200 422 p.
217 351 325 412 74,22.
358 344 454 412 ἐκείνῳ]
491 339 535 396 lta
562 338 640 394 edidi
668 355 683 393 e
709 337 744 397 B.
766 337 800 395 E.
833 337 877 404 (in
906 330 1010 409 quibus
1034 337 1135 397 ἐκείνω)
1162 343 1191 387 et
1219 333 1259 388 A.
1288 329 1389 388 Petet.

105 439 204 515 Vulgo
221 445 316 497 ἔνεῖνοι.

168 567 198 624 p.
216 555 265 614 76,
284 553 308 605 1,
344 541 418 600 καὶὸ
439 540 559 616 Σιράιων
577 542 620 611 γε]
654 563 682 611 γε
705 539 799 613 adjeci
819 557 856 594 ex
878 540 915 598 A.
933 539 968 597 Ε.
986 538 1053 596 Ald.
1072 537 1142 594 Bas.
1162 536 1267 594 Petav.

162 674 199 732 ,0.
218 664 266 723 76,
285 661 311 715 6.
345 653 418 719 tim
436 656 479 706 καὶ
496 647 639 716 πεπόνθοι]
675 648 718 704 Ita
740 648 818 704 edidi
839 666 854 703 e
872 652 910 708 A.
930 648 965 703 B.
982 648 1016 703 Ε.
1044 647 1147 703 Petav.
1183 643 1289 718 Vulgo
1320 642 1354 708 ὅ,
1369 667 1391 697 τι

100 756 147 807 ναὶ
162 748 305 806 ἐπεπόνθει.
337 745 383 802 De
403 750 445 798 nat
461 762 491 800 v.
510 740 623 816 Pssuglz.
644 741 680 797 ad
699 742 801 816 Eurip.
823 741 927 799 Helen.
951 759 998 798 vs.
1017 746 1095 798 1208.

169 877 200 933 p,
217 865 266 924 76,
284 863 309 914 6.
344 856 536 924 ἐπικατέσφαξεν
563 851 651 906 ἑαυτὸν
672 852 702 924 τῇ
723 852 860 924 παρθένῳ]
894 850 977 906 Infra
1005 867 1036 907 c.
1052 847 1093 907 V.
1127 843 1143 916 ἧ
1171 851 1331 920 Δαμοκρίτα
1354 825 1399 898 τάς

98 949 249 1023 ’θυγατέρας
271 946 450 1020 ἀπέσφαξε,
475 951 518 1000 ναὶ
539 942 583 1000 tn’
607 950 746 1033 laetante
771 943 893 1012 ἑαυτήν.
927 940 1007 1004 Vide
1033 942 1129 1017 Tou'p.
1154 940 1281 996 Emend.
1318 937 1397 994 Suid.

108 1044 313 1117 Qpr&

651 1254 755 1337 Caput
775 1255 819 1319 Il.

176 1411 221 1475 De
238 1423 381 1473 Actaeone
399 1425 428 1470 et
446 1415 509 1487 ejus
527 1423 610 1487 patre
627 1413 754 1470 Melissa
774 1433 802 1472 v.
823 1413 921 1472 Schol.
943 1412 980 1469 ad
995 1412 1093 1487 Apoll.
1109 1411 1207 1469 Rhod.
1228 1411 1292 1469 IV.
1315 1417 1392 1469 1210.

111 1511 235 1568 Diodor.
253 1508 344 1567 Sicut.
365 1509 396 1562 in
409 1506 547 1579 Excerpt.
565 1506 602 1563 T.
620 1505 658 1560 ΙΙ.
680 1525 709 1579 p.
730 1513 792 1565 548.
821 1506 940 1564 Maxim.
959 1507 1033 1578 Tyr.
1051 1507 1130 1563 Diss.
1148 1503 1270 1562 XXIV.
1288 1523 1322 1578 p.
1334 1511 1394 1562 288.

114 1606 198 1661 Alex.
219 1600 316 1660 Aetol.
338 1616 428 1655 carm.
446 1595 482 1653 V.
496 1596 573 1654 Plut.
593 1598 646 1654 vit.
664 1595 775 1653 Sertor.
794 1615 820 1652 c.
840 1599 864 1658 1.
898 1597 1016 1658 Jacobs.
1042 1599 1199 1657 Auitnadv.
1220 1597 1350 1656 Anthol.
1371 1597 1397 1656 1.

112 1695 151 1751 11.
172 1712 200 1766 p.
216 1699 277 1752 288.
312 1690 428 1750 Miiller.
441 1690 574 1762 Aeginet.
596 1708 626 1763 p.
644 1695 686 1747 51.
703 1695 745 1747 58.
781 1689 827 1745 De
844 1689 972 1759 Archia,
992 1689 1209 1764 Syracusarum
1225 1690 1395 1756 conditore,

112 1805 141 1845 ν.
161 1776 289 1842 Goeller.
306 1773 341 1839 de
361 1783 419 1838 situ
431 1791 464 1838 ¹et
481 1783 554 1857 orig.
573 1779 785 1854 Syracusarum
801 1801 830 1856 p.
849 1788 874 1842 3.
894 1790 920 1843 7.

178 1913 207 1968 p.
226 1897 275 1963 76,
298 1901 324 1952 7.
360 1895 458 1959 ultor]
492 1891 538 1947 lta
556 1892 677 1966 reposui
696 1892 743 1946 hic
763 1902 793 1946 ct
812 1892 889 1948 inira
914 1910 951 1947 ex
976 1894 1016 1953 A.
1035 1892 1069 1950 E.
1107 1892 1210 1950 Petav.
1233 1893 1309 1950 Ald.
1330 1892 1398 1952 Bas.

114 1986 211 2046 Reisk.
235 1997 264 2044 et
282 1988 326 2044 sic
349 1966 504 2061 legenduin
522 1986 673 2041 annotavit
692 1984 853 2057 Xylander.
889 1983 1047 2058 Wyttenh.
1068 1985 1160 2042 edidit
1183 2004 1200 2042 e
1219 1985 1260 2046 B.
1293 1991 1396 2044 Φείδων.

116 2080 210 2158 Vulgo
236 2086 326 2137 Φίλαν.
358 2079 435 2136 Tum
453 2077 609 2152 Wyttenh.
626 2103 657 2152 tp
674 2096 729 2152 pro
746 2079 794 2133 τῶν
811 2079 921 2137 maluit.

182 2197 342 2264 p.76,10.
377 2185 493 2262 ἇνδρείᾳ]
527 2186 618 2260 ἀνδρία
635 2186 669 2247 Ε.

183 2317 213 2371 p.
232 2307 281 2365 76,-
299 2304 341 2362 11.
375 2295 471 2363 αὐτῶν]
505 2292 591 2360 aiant*
614 2297 715 2358 Petaa.
732 2309 765 2352 et
790 2307 858 2372 post
880 2304 928 2366 ἔχει
952 2317 1007 2373 pro
1025 2305 1086 2366 ἔχοι.
1120 2297 1169 2355 Ab
1194 2299 1304 2355 eodem
1322 2299 1393 2355 inira

118 2391 166 2465 γάρ
182 2391 430 2465 Ροεῖαρστείχισμα
447 2388 539 2445 abest.
753 2397 755 2401 ⁴

185 2519 214 2572 p.
233 2505 283 2566 76,
301 2497 344 2557 ld.
373 2498 484 2570 Ἅβραν]
520 2497 674 2570 Wyttenh.
693 2501 793 2556 invitis
811 2498 894 2555 libris
911 2498 1019 2575 ubique
1037 2500 1128 2556 edidit
1141 2499 1247 2575 Ἄβραν.

186 2625 216 2681 p.
235 2614 282 2675 76,
301 2614 344 2665 16.
382 2607 515 2674 Φλιάσιοι]
548 2605 638 2662 Recte
658 2607 772 2662 videtur
790 2607 866 2664 Met..
886 2611 1048 2681 conjecisse
1062 2615 1146 2678 χίλιοι.

186 2735 216 2789 p.
233 2723 280 2782 76,
299 2720 341 2774 19.
373 2713 419 2786 τὴν
434 2726 538 2786 γυναῖκα
554 2717 611 2781 καὶ]
645 2714 847 2771 Absunthaec
864 2737 880 2772 a
898 2719 932 2776 B.
967 2720 1063 2775 Porro
1080 2721 1208 2776 notanda
1226 2723 1398 2778 insolentior

123 2807 206 2866 verbi
225 2807 321 2881 φεύγειν
346 2819 508 2864 structura:
538 2808 622 2880 φεύγει
643 2815 678 2871 εἰς
693 2807 826 2882 Κόρινθον
845 2841 878 2853 -
897 2820 922 2868 ἰν
939 2818 1067 2886 Μελίσσῳ.
1099 2814 1168 2870 Non
1190 2814 1309 2872 abludit
1328 2817 1396 2872 Plat.

125 2901 253 2975 Sophist.
273 2920 303 2975 p.
320 2908 371 2960 260
388 2900 420 2958 C.
455 2901 499 2956 τὸν
516 2905 546 2957 ct
558 2924 585 2972 γε
605 2901 725 2972 σοφιστὴν
744 2909 836 2975 ἔφαμεν
855 2911 887 2959 ἐν
904 2904 1008 2977 τούτῳ
1025 2929 1077 2963 που
1096 2908 1137 2977 τῷ
1154 2906 1245 2980 τόπῳ
1268 2931 1397 2967 navant-

124 3001 297 3067 φευγέναι,
315 2992 365 3050 uhi
382 3012 409 3050 v.
429 2993 581 3052 Heindorf.
600 3013 630 3068 p.
647 3003 708 3054 427.

188 3123 216 3177 p.
234 3110 281 3168 76,
299 3111 343 3162 20.
377 3106 526 3170 Μέλισσον]
559 3101 681 3175 piltonae
699 3104 766 3162 Ald.

188 3231 218 3284 p.
236 3219 283 3278 76,
301 3215 344 3269 25.
380 3209 556 3281 συναρπάσαι]
590 3211 655 3267 Hoc
679 3215 782 3268 sumsit
807 3215 971 3288 Stephanus
1000 3235 1036 3272 ex
1059 3217 1191 3275 Leonico
1218 3232 1250 3277 et
1276 3225 1401 3296 conjecit

124 3300 283 3374 Xylander.
301 3303 463 3375 συναρπάσας
481 3306 519 3364 A.
538 3304 572 3362 Β.
592 3305 625 3363 Ε.
650 3306 717 3365 Ald.
738 3307 806 3366 Bas.
836 3309 937 3366 Petav.
962 3311 1179 3381 συναραάσασυαι
1196 3313 1294 3373 Turn.
1315 3317 1400 3376 Vult.

125 3395 216 3469 Bong.
251 3394 408 3467 Wytteuh.
425 3395 517 3480 voluit
533 3397 705 3470 συναρπάσοιν.
1154 3427 1157 3434 ·

189 3521 217 3577 p.
237 3509 285 3572 76,
303 3511 346 3565 27.
379 3513 421 3560 καὶ
437 3509 534 3591 ullor]
564 3514 605 3563 καὶ
622 3527 678 3567 oin.
698 3513 730 3567 B.

189 3628 218 3682 p.
238 3618 286 3689 76,
304 3618 348 3670 30.
382 3611 426 3668 τὸν
447 3617 529 3686 νεαρὸν
552 3618 598 3671 τοῦ
623 3617 728 3686 παιδὸς]
762 3619 845 3675 Infra
865 3638 893 3678 c.
913 3620 968 3680 III.
1003 3624 1052 3677 τῶν
1069 3631 1219 3699 θυγατέρων
1241 3629 1282 3684 τά
1307 3630 1404 3704 νεκρά

125 3700 202 3765 οὗτος
218 3699 420 3776 optineant&
438 3706 564 3766 Lohcck.
594 3710 705 3783 Phryn.
724 3732 753 3786 p.
775 3712 834 3772 876.
869 3713 987 3773 Jacobs.
1007 3715 1044 3772 ad
1061 3717 1175 3774 Aelian.
1195 3718 1236 3775 11.
1256 3723 1297 3779 A.
1318 3743 1349 3798 p.
1366 3734 1404 3782 77.

190 3831 220 3886 p.
239 3819 289 3880 76,
308 3821 351 3873 67.
385 3817 431 3870 τοῦ
446 3812 589 3889 Ἰσθμίου]
623 3821 671 3875 τῶν
692 3817 810 3891 Ἰσθμίων
828 3821 919 3878 edidit
936 3823 1091 3895 Wyttenb.
1110 3844 1125 3893 β
1143 3826 1178 3886 Β.
1215 3828 1298 3886 Tum
1317 3830 1407 3904 άναβὰς

125 3904 153 3958 τὶ
168 3907 200 3964 Β.
219 3905 254 3961 Ε.

192 4058 221 4114 p.
241 4047 288 4108 78,
306 4049 332 4100 2.
366 4041 464 4115 λοιμὸς]
497 4043 583 4115 λοιμὸς
599 4045 633 4104 Ε.
652 4047 703 4104 sed
720 4071 735 4103 ο
751 4053 900 4108 recentius
918 4053 1042 4112 videtur-

190 4175 220 4232 p.
238 4166 287 4225 as,
306 4165 332 4218 5.
366 4159 526 4232 πυεόμιιος]
560 4149 710 4238 ...etpost
729 4169 830 4227 petav.

192 4286 222 4338 p.
241 4275 290 4333 78,
311 4275 336 4325 7.
371 4272 464 4339 tn...]
498 4271 544 4328 Ita
562 4275 677 4330 restitui
694 4294 730 4331 ex
747 4277 784 4337 A.
802 4278 837 4335 B.
849 4279 885 4341 E.
918 4280 1186 4354 Reisk.Wyttauh.
1204 4289 1302 4341 ἔκτισεν
1321 4286 1411 4352 dedit,

77 4402 82 4407 .
126 4365 159 4411 ut
175 4368 220 4412 est
237 4361 268 4414 in
285 4359 354 4418 Ald.
374 4363 440 4416 Bas.
457 4365 584 4422 -Tum
601 4372 671 4423 δυοῖν
687 4369 722 4430 Β.
741 4369 809 4445 Βοεὶ.
828 4371 947 4446 ὀρτυγίας
962 4382 990 4430 τὲ
1007 4375 1040 4431 B.
1058 4376 1094 4432 E.
1408 4372 1413 4383 ’

192 4484 220 4536 p.
240 4473 286 4531 78,
303 4477 328 4524 8.
362 4469 539 4543 Συραιοάσης]
575 4477 619 4532 Ita
634 4481 754 4550 reposui
771 4498 808 4536 ex
823 4484 860 4539 A.
883 4486 1009 4558 (inquo
1032 4483 1157 4540 alterum
1177 4507 1192 4540 σ
1214 4494 1361 4557 erasum)
1378 4489 1408 4546 B.

127 4556 160 4612 E.
180 4556 282 4618 Petav.
317 4561 411 4638 Vulgo
428 4566 614 4640 Συρακούσσης.
648 4571 738 4629 Paulo
761 4585 828 4633 ante
847 4575 917 4634 Ald.
937 4576 1006 4636 Bas.
1025 4575 1205 4651 συρανοάσσας.
