3036 4994
1304 216 1363 279 203

69 365 121 427 nbi
141 370 195 427 int.
218 366 387 446 lyricorum
410 379 542 420 veterum
565 364 722 432 carmina,
749 363 783 420 in
807 355 910 436 genere
931 366 1084 423 omcnorio
1106 368 1273 440 plurimum
1294 374 1362 425 ner-¹

60 460 185 518 santio.
210 459 278 518 coll.
300 458 375 515 Plut.
393 457 538 530 dePyth.
560 454 656 516 orac.
670 474 699 530 Ρ.
720 463 773 515 4175
787 455 822 515 F.
848 454 912 512 ἀλλὰ
928 459 1041 529 φροῦδοι
1061 466 1180 527 οἴχεσθαι
1196 461 1241 517 τὸν
1262 468 1360 532 ἔροιτο,

60 553 109 610 Ιὅτι
131 561 234 628 με’τροις
263 549 346 615 οὓδελς
370 547 430 607 citt
463 546 568 620 ρλδαῖς
594 554 679 622 ῥίμφα
700 552 872 617 παιδίοις,
893 547 993 622 οἵσπερ
1015 556 1147 625 Πίνδαρος
1170 561 1238 624 ἔφη,
1266 554 1363 618 τοξειλει

67 651 214 720 μελιγηρίας
235 635 338 718 ὕμνους.
374 642 425 701 ubi
448 641 546 723 scribe
567 645 744 706 παιδείοις
767 672 802 684 -
820 641 1024 715 μελιγηρυας
1047 643 1148 715 ὕμνους.
1182 646 1266 704 Cous.
1292 651 1360 707 Ast.

67 739 106 795 ad
123 738 197 797 Plat.
219 738 255 794 de
278 738 356 813 legg.
373 736 439 793 Vol.
460 736 501 794 Π.
520 755 549 811 Ρ.
571 744 603 796 71
627 746 657 792 et
674 725 733 794 370.
770 734 946 795 Schneider.
966 736 1001 793 de
1018 755 1082 812 rep.
1105 739 1172 798 Vol.
1193 740 1233 797 ΙΙ.
1251 761 1271 815 p
1299 749 1359 801 339.

68 831 146 889 Plat.
167 832 203 888 de
221 830 308 905 Pyih.
327 849 408 889 orac.
432 848 462 905 p.
485 836 536 889 398
558 830 590 888 G.
627 827 642 886 ὅ
663 836 708 901 μὲν
727 825 772 884 οὖν
790 837 924 902 Σεραπίων
944 829 1101 903 ἐμνήσθη
1124 832 1183 886 τῶν
1202 835 1297 899 tntis,
1322 841 1355 891 is

67 932 120 989 οίς
138 922 247 997 ὕμνησεν
265 923 369 995 λοιπὴν,
395 919 428 986 ὦς
450 919 510 979 odit
527 924 703 980 είποθανσῦσα
727 921 795 992 λήξει
812 924 938 994 μαντικῆς.
972 923 1093 980 Reiskio
1109 927 1207 981 visum
1229 937 1274 981 est
1291 928 1360 984 Plu-

66 1020 203 1075 tarchum
219 1019 377 1093 scripsisse
398 1002 518 1073 οισιθειὸν
539 1016 640 1083 (nisi,
664 1031 695 1071 ut
710 1015 889 1095 lysmtder,
913 1015 1024 1073 oblitus
1043 1036 1076 1072 es
1093 1032 1224 1073 veteram
1238 1019 1361 1089 artium,

66 1131 143 1187 quos
162 1111 197 1168 ia
214 1111 296 1169 ludis
315 1108 470 1168 litterariis
488 1108 678 1166 discebamus
698 1107 808 1176 olim),
825 1109 875 1163 τῶν
891 1110 956 1164 ἑτῶν
971 1105 1117 1180 ἀνάμνησον
1127 1104 1207 1182 ἡμας

132 1280 164 1337 p.
179 1267 230 1327 44.
248 1265 276 1322 5.
310 1257 407 1329 broii
424 1257 544 1329 Σαπφία]
578 1257 655 1320 Plat.
672 1257 800 1318 Phaedr.
823 1277 852 1332 p.
872 1264 922 1318 2³5
940 1257 973 1318 C.
1008 1259 1053 1314 νῦν
1075 1265 1122 1330 μὲν
1146 1256 1227 1322 οὕτως
1249 1259 1295 1314 οὖν
1314 1265 1361 1328 ilo

64 1359 157 1410 εἰπεῖν·
189 1354 264 1425 δῆλον
283 1357 310 1408 di
333 1350 374 1408 ὅτι
390 1351 463 1407 τινοῖν
480 1349 577 1422 ἀκήκοα
598 1348 615 1421 ἦ
638 1372 688 1407 που
704 1351 871 1422 Σαπφοῦς
889 1351 947 1421 τῆς
965 1352 1069 1421 καλῆς
1091 1348 1297 1426 η”.λνανρὲοντος
1315 1354 1364 1409 τοῦ

64 1446 151 1519 σοφοῦ
172 1445 190 1516 ἢ
215 1450 259 1502 καὶ
283 1451 446 1517 συγγραφέων
467 1445 549 1501 τινῶν.
591 1444 734 1502 Themist.
762 1453 837 1499 orat.
862 1442 933 1499 XX.
962 1462 992 1518 p.
1020 1450 1071 1502 236
1095 1443 1127 1502 C.
1170 1443 1298 1506 Lucian.
1325 1445 1361 1501 de

65 1556 159 1597 merc.
178 1538 265 1596 cond.
291 1555 316 1594 c.
333 1543 359 1595 5.
387 1536 422 1593 de
441 1535 638 1593 Demosthene
655 1533 670 1592 ὅ
690 1535 767 1599 καλὸς
786 1533 880 1610 ῥήτωρ.
912 1533 953 1593 ib.
979 1556 1005 1595 c.
1031 1541 1075 1595 et.
1102 1534 1116 1592 ὅ
1142 1536 1218 1602 καλὸς
1241 1537 1361 1595 Πλάτων.

65 1629 147 1688 Vide
165 1648 240 1706 quae
266 1629 349 1685 attuli
370 1646 459 1704 snpra
480 1647 511 1703 p.
530 1633 592 1688 105.
1342 1616 1345 1623 ’

131 1797 161 1852 Ρ.
180 1784 229 1846 44,
247 1785 273 1835 fi.
309 1776 393 1850 φανὴν
417 1780 554 1846 ἴσχεσθαι]
589 1776 668 1836 Plus.
692 1779 745 1837 vit.
767 1765 852 1838 Brut.
880 1797 908 1836 c.
932 1779 1006 1840 XV.
1032 1778 1051 1850 η’
1073 1804 1102 1838 τε
1127 1779 1195 1855 χρόα
1218 1780 1359 1855 μεταβολὴν

64 1870 188 1945 ἐλάμβανε
206 1876 250 1928 καλ
267 1871 326 1942 τὴν
344 1871 453 1942 φωνην
469 1878 633 1942 ἐπέσχητο
652 1871 821 1928 παντάπασιν.

130 2039 160 2096 p.
179 2027 232 2088 44,
249 2027 277 2078 θ.
312 2023 472 2091 φλέγεσθαι]
506 2017 643 2075 Verbum
660 2028 827 2091 φθέγγεσθαι
849 2019 948 2075 locum
968 2020 1148 2080 nonhabet.
1184 2022 1360 2096 Legendum

63 2124 110 2170 cst
126 2123 177 2169 sut
193 2120 351 2184 φίγγεσθαι,
370 2111 523 2169 illustrari
540 2126 567 2166 et
583 2111 740 2186 splendore
754 2110 850 2184 affici,
872 2111 919 2166 vel
935 2113 1034 2183 potins
1052 2117 1209 2181 φλέγεσθαι,
1229 2114 1359 2181 incendi,

62 2207 162 2264 calore
180 2207 296 2262 scilicet
314 2206 394 2260 intus
412 2201 542 2260 membra
561 2214 591 2258 et
607 2204 723 2259 viscera
741 2213 855 2259 mente.
890 2203 967 2259 Nam
985 2210 1077 2275 φέγγος
1094 2214 1123 2258 et
1142 2201 1266 2274 οἷγρότης,
1286 2225 1359 2279 qnae

62 2301 163 2356 statim
179 2307 375 2365 memoratur,
396 2313 458 2351 non
472 2297 653 2352 conveniunt
669 2314 740 2351 sane
756 2297 787 2352 in
804 2294 907 2352 eadem
924 2291 1096 2370 superficie:
1116 2307 1145 2350 et
1159 2298 1237 2352 intus
1250 2298 1357 2365 calere,

62 2394 137 2449 ioris
157 2391 284 2467 pallere,
307 2391 396 2445 etiam
413 2389 445 2445 in
466 2385 579 2444 morbis
599 2387 732 2444 videmus
750 2388 896 2445 homines.
928 2387 1164 2447 XYLANDER.
1199 2395 1356 2461 φλέγεσθαι]

62 2485 99 2541 In
117 2495 175 2541 vet.
194 2483 261 2542 edd.
279 2493 325 2539 est
342 2489 508 2554 φθέγγεσθαι
515 2521 523 2547 ,
549 2480 626 2537 unde
647 2478 725 2537 effici
743 2479 868 2537 debebat
890 2488 1068 2552 φθίννοσθαι,
1095 2494 1145 2537 aut
1166 2491 1303 2555 φθίσθαι,
1326 2486 1356 2543 id

64 2577 143 2652 quod
168 2582 343 2649 φθείρεσθαι,
371 2574 541 2649 corrumpi,
571 2573 796 2639 contabescere,
836 2572 991 2650 significat
1025 2574 1110 2632 Conf.
1139 2574 1258 2632 Canteri
1284 2579 1356 2639 Ver.

62 2669 147 2730 Lect.
170 2673 206 2737 5,
223 2674 267 2726 27.
301 2666 487 2726 REISKIUS
533 2675 699 2739 φθέγγεσθαι
715 2666 750 2722 Β.
769 2666 804 2722 Ε.
829 2666 899 2723 Ald.
918 2666 987 2726 Bas.
1022 2667 1112 2724 Recte
1135 2672 1268 2726 correxit
1289 2671 1356 2744 Xy-

61 2762 165 2820 lauder
191 2767 341 2835 φλέγεσθαι.
377 2766 520 2833 φλέγεσθαι
536 2771 566 2817 et
582 2769 749 2833 φθέγγεσθαι
766 2762 891 2818 confusa
912 2762 1001 2817 etiam
1020 2760 1106 2829 alibi,
1133 2783 1161 2819 v.
1179 2762 1298 2821 Jacobs.
1318 2766 1356 2821 ad

61 2855 184 2916 Anthol.
214 2855 308 2915 Pelet.
338 2853 406 2914 Vol.
429 2854 484 2910 ΠΙ.
510 2873 540 2928 p.
559 2859 620 2912 2³3.
661 2853 737 2910 Plat.
761 2853 887 2912 Phaedr.
917 2874 947 2929 p.
966 2862 1016 2914 251
1042 2856 1073 2910 Β.
1115 2853 1202 2910 itinn
1220 2879 1247 2910 τε
1267 2853 1354 2923 αὖτὸν,

60 2957 117 3007 οἷον
132 2955 159 3006 ist
175 2950 219 3021 της
241 2957 344 3024 φρίιης,
361 2944 487 3020 μεταβολή
504 2970 532 3003 τε
552 2951 596 3002 καί
613 2945 687 3019 ίδρολς
702 2952 745 3002 καὶ
765 2944 932 3020 θερμότης
953 2946 1040 3016 λη’θης
1062 2947 1190 3019 λαμβάνει
1224 2945 1299 3004 Plus.
1319 2946 1354 3001 de

60 3053 135 3101 rect.
162 3041 230 3100 aud.
250 3051 309 3100 rat.
333 3060 362 3115 p.
386 3046 420 3098 46
445 3038 496 3101 D.<
516 3035 552 3110 μη
572 3042 767 3111 συνεσταλμένον
786 3036 900 3107 cinctino,
928 3037 993 3112 μηδ’
1022 3040 1128 3111 ἱδρῶτος
1156 3041 1199 3093 καί
1224 3042 1355 3108 ἰλίγγου

60 3135 169 3208 μεστὸν,
198 3132 302 3206 ολσχὺνη
322 3129 534 3206 φλεγόμενον
553 3131 600 3201 τὴν
620 3132 721 3204 φυγὴν,
749 3128 801 3187 ἀλλ’
820 3131 942 3205 ἄτρεπτον
966 3136 1010 3187 καὶ
1028 3129 1152 3206 σεσηρότα
1171 3136 1214 3188 καὶ
1233 3154 1354 3206 κατετρα-

61 3227 199 3300 οεσόμαον.
233 3226 314 3286 Vide
331 3223 489 3299 Wyttenb.
509 3224 547 3281 ad
562 3225 640 3283 Plut.
660 3225 695 3282 de
713 3235 788 3283 sent.
806 3225 884 3300 prof.
904 3227 935 3281 in
952 3227 1022 3283 virt.
1040 3245 1070 3299 p.
1089 3233 1121 3282 77
1138 3225 1172 3288 G.

128 3396 158 3452 Ρ.
176 3382 230 3445 44,
248 3383 272 3435 7.
308 3371 461 3450 ὦχρότηιο]
496 3374 577 3432 Vide
595 3374 721 3436 Dorvill.
739 3374 776 3431 ad
795 3373 908 3431 Charit.
927 3393 956 3448 p.
974 3381 1026 3433 424
1042 3385 1073 3432 et
1088 3376 1149 3434 431.

129 3544 160 3601 Ρ.
176 3532 226 3591 44,
244 3531 271 3583 7.
307 3520 421 3599 πλάνον]
456 3523 564 3579 mentis
582 3523 822 3591 aberrationem,
849 3521 1007 3591 delirium,
1035 3534 1085 3580 aut
1102 3524 1349 3599 inquietudinem,

59 3613 183 3690 ἇλσσμόν.
218 3615 379 3692 Vulgatem
392 3616 568 3683 lectionem,
586 3635 602 3671 a
621 3616 720 3672 multis
738 3626 888 3686 vexatam,
907 3619 1014 3675 asserit
1030 3637 1062 3693 p.
1076 3625 1134 3680 766.
1154 3625 1180 3677 2·
1207 3618 1243 3680 V.
1257 3620 1351 3680 Wolf.

44 3711 98 3769 ad
116 3710 286 3786 sapphonis
302 3710 407 3785 fragm.
424 3728 454 3784 p.
465 3716 517 3776 41.
552 3708 749 3767 REISKIUS.

126 3881 156 3935 Ρ.
174 3867 224 3927 44,
242 3867 268 3918 7.
303 3856 380 3930 αὐτὴν
396 3854 451 3940 καὶ]
488 3859 523 3916 in
542 3859 573 3918 B.
590 3860 624 3920 E.
643 3858 752 3916 etAid.
770 3856 832 3928 aits]
851 3870 880 3915 et
897 3862 1035 3934 posthoc
1054 3861 1160 3917 lacuna
1177 3863 1209 3918 in
1226 3861 1260 3918 B.
1280 3863 1349 3921 Ald.

44 3965 185 4032 -quatuor
207 3954 380 4021 literarum,
407 3951 508 4017 sedin
526 3953 560 4012 E.
579 3953 668 4011 unius
691 3961 805 4008 tantum
821 3952 936 4013 literae.

125 4123 156 4179 Ρ.
172 4111 226 4170 44,
245 4114 271 4163 8.
308 4095 359 4173 ὥς]
393 4101 492 4159 Verba
510 4103 646 4177 Sapphus
664 4113 748 4171 sunt,
767 4113 796 4156 et
808 4101 914 4158 Catulli
932 4105 1150 4178 interpretatio,
1170 4106 1200 4163 in
1210 4105 1348 4159 omnium

45 4197 215 4265 ¹-tnanibus,
233 4216 288 4273 pro
309 4199 416 4274 quibus
435 4199 484 4254 hic
504 4199 665 4254 asteriscus
681 4206 786 4254 exstat.
823 4196 861 4252 Et
878 4214 951 4271 quae
970 4207 1151 4271 sequnntur,
1175 4197 1261 4271 plane
1280 4208 1348 4254 sunt

57 4291 229 4363 depravata.
264 4290 493 4350 XYLANDER.
529 4287 561 4353 ὡς
578 4290 690 4354 deleto,
709 4290 783 4346 nihil
800 4289 893 4347 videri
906 4300 993 4364 clueat
1006 4289 1118 4346 deesse.
1150 4286 1345 4352 REISKIUS‘.

56 4384 118 4442 Aut
133 4383 208 4439 nihil
224 4382 350 4453 excidit,
378 4395 428 4441 aut
451 4394 530 4443 certe
548 4402 606 4440 non
626 4382 762 4459 Sapphus
779 4381 885 4453 verba,
911 4401 985 4458 quae
1011 4403 1065 4441 nec
1083 4404 1100 4440 a
1123 4389 1344 4443 constructione

56 4493 112 4534 nec
145 4494 161 4530 a
192 4479 335 4533 sententia
367 4478 427 4536 loci
458 4477 685 4536 desiderantur:
723 4472 757 4540 ὃς
784 4478 860 4534 forte
889 4495 926 4533 ex
955 4470 1143 4536 antecedente
1175 4502 1209 4535 ιι
1231 4491 1341 4536 natum.

57 4567 416 4631 WYTTENBAGHIUS.
451 4570 576 4630 Temere
597 4581 728 4632 statuunt
744 4571 880 4642 Reisltius
903 4581 933 4629 et
949 4570 1106 4644 Wyttenb.
1130 4573 1204 4631 nihil
1220 4573 1339 4636 deesse,

1391 4510 1428 4648 λ
