3036 4994
1342 205 1401 273 tta

114 342 200 432 δρᾶμα
209 358 368 429 Εὐριπίδου,
385 360 567 432 ἐπιγέγραπται
582 361 627 429 ple
644 356 730 443 σοφὴΙ
745 365 801 414 cte.
822 353 1004 442 3311831331.
1023 355 1059 415 ad
1071 360 1221 438 Aristopb.
1232 361 1308 424 Rau.
1322 368 1399 425 1275.

115 464 145 508 et
162 459 222 514 100.
326 496 328 501 -
833 461 835 465 ’

182 615 211 670 p.
230 602 277 664 22,
302 598 344 654 55.
379 597 453 663 zain,
479 592 550 658 ὅστις
564 600 635 651 ,ἐστὶν
657 622 691 638 -
713 593 810 667 οὐγὰρ
828 596 885 649 olda
902 592 967 663 πλὴν
982 592 1066 664 λόγῳ]
1098 594 1194 671 Vulgo
1213 597 1401 655 vehementer

117 700 275 765 corruptus
294 689 342 745 bic
358 686 508 762 Euripidis
526 705 630 744 versus
651 685 817 761 legebatur:
847 687 908 749 Ζεὺς
923 686 973 756 γὰρ
993 691 1053 742 οῖδα
1068 687 1132 757 πλὴν
1151 689 1206 758 lyd.
1241 689 1399 763 Wyttenh.

115 785 147 839 in
164 793 246 839 textu
269 781 385 858 quidem
404 783 544 849 intactam
562 781 683 856 reliquit
703 773 871 854 vulgatam,
899 781 959 835 nisi
976 778 1054 855 quod
1074 778 1138 851 λόγῳ
1161 799 1177 836 e
1194 780 1229 840 B.
1250 780 1286 844 Ε.
1311 784 1401 842 edidit

115 895 171 950 pro
190 875 245 948 ἐγώ.
280 874 338 935 Sed
359 877 392 931 in
411 875 540 932 adnotat.
566 874 721 950 legendum
747 872 822 929 dixit
846 873 909 933 Ζεὺς
931 869 999 934 ὅστις
1016 880 1101 938 ἔστιν,
1127 869 1158 927 οὗ
1180 874 1230 945 ybp
1255 880 1312 931 cido
1337 876 1402 948 πλὴν

114 967 179 1040 λόγῳ
198 967 298 1024 Κλύων.
333 967 381 1026 Ad
399 971 597 1043 posteriorem
615 987 719 1026 versus
739 978 853 1042 partem
875 966 954 1042 quod
977 968 1096 1035 attinet,
1115 972 1285 1025 necessario
1303 989 1402 1027 emen-

115 1061 243 1118 dandum
260 1071 321 1128 est,
351 1071 383 1116 ut
401 1078 507 1116 sensus
532 1069 616 1135 aptus
635 1061 808 1126 efficiatur,
823 1057 856 1114 οὗ
871 1060 921 1131 γὰρ
940 1064 998 1116 οῖδα
1016 1061 1080 1131 πλὴν
1096 1059 1179 1132 iiyp,
1206 1073 1235 1118 et
1253 1061 1340 1119 habet
1359 1067 1402 1122 sic

114 1153 209 1208 codex
234 1154 362 1227 optimus
386 1152 423 1215 Ε,
455 1151 533 1228 qnod
559 1152 634 1227 fugit
659 1149 954 1223 Wyttenbachium.·-
973 1153 1031 1209 Sed
1056 1155 1172 1209 initium
1195 1173 1315 1222 versus,
1343 1175 1402 1231 quo

112 1258 202 1320 pacto
218 1246 369 1305 emendari
388 1255 539 1320 oporteat,
564 1242 685 1301 dubium
705 1255 761 1303 est.
795 1230 939 1320 Equidem
955 1249 1077 1320 reposui
1094 1244 1172 1314 Ζεὺς,
1200 1247 1266 1310 ὅστις
1284 1254 1350 1303 ἐστὶν
1368 1279 1404 1294 -

114 1340 193 1414 quod
218 1342 249 1395 in
275 1339 465 1407 adnotatione
491 1338 565 1394 male
591 1338 671 1404 dixi,
698 1357 714 1394 a
737 1340 873 1394 Porsono
892 1341 1079 1414 propositum
1099 1359 1175 1397 csse.
1210 1341 1404 1399 Valckenarii

114 1432 194 1491 enim
213 1432 244 1485 in
262 1430 358 1490 Diatr.
380 1450 410 1506 p.
432 1438 465 1490 36
482 1435 519 1490 A.
549 1430 585 1487 ad
603 1433 807 1488 auctoritatem
829 1449 995 1506 provocare
1013 1431 1166 1492 debebam.
1200 1433 1329 1494 Lucian.
1348 1435 1403 1492 Ju-

113 1523 192 1596 piter
207 1509 386 1598 tragoedc.
404 1531 448 1584 41.

379 1637 454 1707 Ζεὺς,
471 1639 539 1704 ὅστις
554 1645 622 1698 ἐστὶν
639 1637 654 1696 ὅ
670 1640 747 1706 Ζεύς·
764 1640 796 1698 οὗ
811 1644 861 1717 γὰρ
877 1648 953 1714 οἶδα,
970 1647 1035 1715 πλὴν
1051 1644 1117 1716 to'yp

383 1731 473 1794 ridor.

112 1849 180 1915 coll.
197 1851 342 1927 Atlrenag.
361 1871 391 1927 p.
403 1857 447 1911 23.
483 1851 591 1910 Justin.
610 1851 698 1910 Mart.
717 1871 746 1927 p.
764 1860 795 1913 41
816 1853 851 1912 E.
881 1853 967 1911 Unde
985 1856 1137 1912 Po'rsonns
1156 1856 1192 1914 ad
1210 1857 1282 1918 Eur.
1301 1857 1399 1921 Orest.

110 1949 173 2005 412.
191 1945 284 2017 ejecto
300 1949 385 2014 ἐστιν,
398 1963 517 2002 versum
528 1946 694 2001 restituisse
711 1943 768 2000 sibi
785 1946 866 2002 visus
881 1957 940 2014 cst,
957 1948 1115 2003 conferens
1129 1948 1219 2006 Herc.
1236 1950 1306 2009 Fur.
1323 1958 1399 2011 1264.

379 2062 455 2123 Ζεὺς
470 2060 498 2116 d'
516 2061 608 2125 ὅστις
624 2060 638 2117 ὃ
655 2062 749 2128 Ζεὺς,
766 2066 888 2133 πολέμιον
902 2063 929 2134 μ’
947 2070 1058 2135 ἐγείνατο

376 2151 460 2228 Ἥρᾳ.

111 2293 171 2358 Sed
190 2293 346 2353 oblocutus
359 2297 553 2357 estPorsouo
568 2293 732 2356 Elomiield.
751 2298 783 2354 in
803 2296 937 2353 Glossar.
956 2295 993 2353 ad
1006 2297 1147 2372 Aeschyl.
1168 2298 1272 2375 Agam.
1292 2305 1401 2361 33155

111 2399 141 2445 et
160 2391 225 2463 jure
249 2389 378 2464 quidem.
417 2389 493 2446 Nam
521 2400 677 2465 propterea
702 2409 739 2446 ex
765 2409 829 2447 mea
855 2392 1001 2447 sententia
1022 2391 1181 2466 Euripides
1208 2394 1263 2449 hoc
1289 2396 1401 2468 scripto

112 2500 202 2538 versu
234 2484 266 2538 in
294 2484 451 2557 impietatis
477 2485 589 2539 crimen
617 2484 764 2550 incurrit,
802 2484 880 2559 quod
906 2483 1061 2540 formulam
1091 2484 1171 2541 illam
1199 2487 1231 2543 in
1261 2484 1400 2560 precibus

111 2575 259 2632 faciundis
284 2575 453 2644 solennem,
486 2575 521 2632 de
547 2596 604 2658 qua
627 2578 755 2652 exposui
777 2577 814 2634 ad
838 2577 911 2637 Plat.
938 2576 1065 2651 Euthyd.
1091 2597 1121 2652 p.
1143 2585 1192 2647 69,
1220 2580 1251 2636 in
1273 2579 1401 2637 alienum

112 2684 234 2724 sensnm·
259 2666 435 2736 detorserit,
463 2678 496 2724 ut
520 2681 656 2726 naturam
681 2681 711 2726 et
736 2672 796 2726 vim
818 2669 948 2727 divinam
975 2672 1007 2727 in
1034 2671 1246 2730 dubitationem
1268 2684 1400 2732 voearet.

110 2760 185 2818 Cum
202 2761 336 2818 Porsono
360 2763 431 2819 iacit
448 2761 588 2820 Matthiae
608 2765 639 2820 in
656 2764 775 2840 Fragm.
798 2764 901 2838 Eurip.
931 2783 961 2839 p.
984 2772 1045 2824 213.
1081 2764 1217 2822 Ceterum
1239 2766 1317 2821 κλύων
1339 2785 1401 2824 nou

110 2853 229 2930 videtur
246 2852 283 2910 ab
302 2854 444 2930 Euripide
460 2857 627 2928 profectum
644 2875 730 2925 esse,
759 2859 786 2914 si
804 2857 923 2932 quidem
941 2857 1080 2933 colligere
1099 2858 1202 2913 liceto
1219 2857 1308 2931 Greg.
1328 2858 1399 2916 Cor.

110 2965 215 3015 comm.
235 2949 267 3003 in
286 2947 430 3024 Hermog.
453 2951 484 3005 in
502 2948 603 3008 Reisk.
622 2949 705 3012 Orat.
726 2949 781 3012 Gr.
798 2951 834 3010 T.
851 2949 940 3013 VIII.
957 2969 988 3023 p.
1005 2952 1067 3011 949.
1084 2950 1200 3004 initium
1213 2946 1398 3023 Melanippae

111 3039 171 3098 boc.
184 3039 275 3102 {uisse

378 3157 454 3224 Ζεὺς,
473 3155 540 3221 ὅστις
556 3163 638 3226 ἐστὶν,
663 3159 705 3229 (οὔ
724 3158 773 3233 γὰρ
793 3163 854 3216 οἴδα
872 3160 937 3230 πλὴν
955 3159 1032 3230 λόγῳ)

375 3247 476 3319 Ἕλλην’
495 3257 572 3308 ἔτικτε
587 3283 622 3297 -
638 3282 674 3296 -

178 3440 208 3495 p.
226 3429 278 3490 24,
297 3431 324 3482 1.
356 3425 502 3494 μεταλαβὼν
518 3423 556 3481 δι’
576 3426 672 3501 ἰχθρὸν
691 3426 769 3482 ἄλλον
785 3427 903 3498 rodida]
933 3423 1068 3494 Versus,
1087 3445 1160 3503 quos
1176 3427 1280 3486 deinde
1298 3445 1398 3487 emen·

113 3514 190 3582 darit
210 3515 388 3591 Euripides,
415 3517 567 3592 depravati
585 3531 663 3584 suut.
699 3519 813 3588 Credo,
840 3521 880 3575 ita
900 3520 1042 3593 scriptum
1061 3521 1171 3577 fnisse:
1197 3523 1274 3590 Ζεὺς,
1300 3520 1331 3578 οὐ
1348 3524 1397 3597 γὰρ

111 3612 181 3674 otta,
199 3609 265 3677 πλὴν
284 3616 331 3677 ilo
346 3631 374 3685 pe
389 3608 536 3682 μεταλαβῶν
565 3610 618 3668 At’
642 3612 738 3686 ἔχθρὸν
759 3643 790 3654 -
807 3642 842 3657 -
860 3641 890 3660 r·
909 3618 993 3667 καΙτοι
1009 3610 1089 3677 ἄλλως
1104 3610 1224 3687 diripiet,
1241 3624 1273 3670 ut
1286 3617 1397 3688 priori·

109 3702 165 3759 bus
184 3700 319 3760 versibus
337 3705 369 3760 ln
392 3701 512 3760 dubium
535 3707 687 3763 vocaverit
719 3705 842 3772 Jovem,
867 3723 952 3760 suum
971 3707 1133 3762 inimicum.
1167 3705 1397 3763 XYLANDER.

110 3795 145 3851 F.
179 3792 242 3857 Ζεὺς
263 3800 324 3863 (καὶ
344 3797 394 3866 γὰρ
413 3797 460 3853 vel
482 3795 511 3854 εὖ
529 3799 578 3872 γὰρ
600 3803 657 3853 οῖδα
677 3797 723 3866 τὴν
744 3795 871 3867 ἀλήθειαν
888 3798 959 3867 irai).
990 3800 1138 3870 μεταλαβὼν
1157 3803 1184 3854 dt
1203 3797 1300 3871 ἐχθρὸν
1320 3795 1398 3853 ἄλλον

109 3893 135 3951 ἐξ
162 3888 240 3944 ἄλλον
263 3885 344 3944 οὐκέτ’
365 3888 472 3962 widrico
486 3891 521 3961 τῷ
541 3890 671 3964 δράματι,
701 3897 783 3947 καίτοι
806 3889 886 3947 τᾶλλα
909 3899 1075 3964 γεγραμμένῳ.
1100 3921 1133 3934 -
1167 3890 1285 3962 ἤλλαξε
1304 3895 1332 3945 dt
1354 3891 1397 3945 riv

111 3988 205 4050 στίχον.
240 3981 313 4056 quia
328 4000 399 4039 vero
415 3982 510 4041 ulium
522 4005 562 4040 eoe
578 3984 642 4040 alio
659 3984 819 4041 inimicum
833 3984 1072 4060 adipiscebatur,
1091 4000 1217 4058 propter
1234 3983 1269 4040 id
1283 3983 1398 4040 dictum

112 4092 260 4146 arrogans
280 4075 396 4144 visum,
423 4088 482 4133 n'ou
504 4077 635 4151 amplius
658 4076 799 4144 audebat,
825 4091 856 4132 ur
872 4077 1015 4134 credibile
1036 4090 1095 4144 est,
1122 4096 1241 4133 versum
1257 4076 1334 4132 bunc
1350 4074 1398 4132 sic

110 4165 272 4237 producere
288 4167 473 4238 inaceriam,
491 4168 630 4245 quamvis
647 4169 728 4225 alius
737 4168 849 4238 fabula
863 4169 1015 4245 splendide
1028 4185 1104 4226 esset
1120 4171 1247 4244 scriptu.
1271 4168 1397 4224 Tracta-

112 4255 244 4314 ritbunc
261 4257 358 4317 locum
375 4277 491 4336 quoqne
508 4238 656 4317 Theodor.
676 4260 793 4317 Cauter.
808 4260 879 4320 Var.
898 4260 981 4320 Leet.
999 4260 1023 4316 1.
1057 4259 1255 4318 REISKIUS.
1288 4259 1396 4328 Forte,

112 4349 257 4418 peruiride
278 4355 305 4407 dl
320 4349 399 4425 ἆρχῆν
420 4352 497 4424 ἄλλην
514 4353 621 4427 ἒθάῥρει
638 4383 672 4398 -
695 4352 827 4424 3111313133
845 4354 891 4410 τὸν
907 4360 1000 4421 στίχον.
1034 4351 1397 4435 WYTTENBACHIUS.

112 4432 337 4510 Wy'tteubacbii
361 4447 562 4520 conjecturam
589 4466 605 4501 a
632 4463 662 4500 se
689 4443 828 4518 probari,
856 4432 927 4501 mibi
951 4464 1004 4518 per
1029 4446 1130 4503 literas
1145 4442 1395 4519 significarit&

111 4529 272 4591 Hermann.
297 4534 349 4591 sed
373 4537 451 4594 infra
476 4540 602 4611 conjecit
624 4537 713 4607 ἤλλαξε
730 4535 779 4610 γὰρ
798 4537 842 4592 τὸν
865 4544 959 4604 στίχον.
996 4537 1050 4594 Sed
1074 4542 1193 4613 gravius
1218 4540 1301 4596 ulcus
1326 4540 1395 4596 huic

111 4622 179 4679 loco
194 4622 321 4682 insidere
339 4627 470 4702 videtur,
490 4652 579 4708 quam
597 4642 629 4690 ut
645 4632 704 4690 leni
724 4632 834 4690 medela
851 4630 914 4688 tolli
933 4633 1035 4705 possit.
1073 4632 1197 4708 corrigo
1217 4634 1317 4691 locum
1333 4636 1396 4688 sic:
