3036 4994
80 191 227 293 ’aa

170 361 221 410 iuss
238 352 287 427 γᾶρ
303 372 341 416 τις
358 350 424 424 ὅρα
439 356 483 408 καὶ
502 354 575 423 περὶ
590 348 734 422 ρυτίοίν,
751 348 769 419 ἢ
784 347 895 420 μάλιστα
912 352 969 422 πιρὶ
984 353 1075 403 ἐκεῖνον
1097 346 1252 417 ἤνθησεν.
1280 339 1368 403 Piae.
1383 343 1467 417 epigr,
1504 382 1508 397 .

172 465 220 521 ap.
238 446 347 504 Athen.
365 443 451 505 XIII.
471 462 500 518 p.
520 450 573 503 589
591 440 624 502 C.
1503 422 1513 513 l}

434 556 620 633 Ἀρχεάνασσαν
637 564 684 628 Ῑχιι
700 557 747 627 τὴν
765 564 791 612 lu
808 559 966 628 Κολοφῶνος
982 563 1096 631 ἑταίρην,

502 651 536 723 ἧς
552 658 595 707 καὶ
610 657 666 708 iul
682 655 826 723 ῥυτίδων
842 653 929 726 πατρὸς
944 659 1075 709 ἔπεστιν
1091 658 1177 726 ipae.

171 795 246 855 Vide
257 795 377 856 Jacobs.
389 796 427 854 ad
438 795 578 854 Philostr.
590 793 682 869 Imag.
693 793 738 860 ΙΙ,
757 802 782 852 1.
801 813 830 868 p.
843 800 887 860 53,
906 801 931 852 3.
950 801 1051 867 padi.
1088 792 1162 851 Plut.
1182 810 1221 847 an
1239 791 1314 847 seni
1331 787 1461 863 respubl.

173 908 236 966 ger.
255 909 285 965 p.
303 897 354 949 789
372 890 411 948 D.
438 887 516 950 δόξαν
535 886 619 957 ἤθους
640 894 796 960 προστίθησι
818 888 916 943 πολιὰ
938 893 982 943 καὶ
1003 893 1102 960 ῥυτὶς.
1136 885 1272 943 Eustath.
1301 883 1342 939 de
1368 884 1466 941 Amor.

173 984 283 1044 Ismen.
297 981 355 1041 IV.
377 1002 408 1057 p.
427 989 485 1041 146.
521 981 666 1040 Teucher.
691 978 754 1054 ἀνὴρ
777 986 1018 1053 ἱκατονταπιριπελος
1031 978 1218 1054 παρακάθηται
1236 977 1270 1054 τῇ
1291 981 1390 1048 φλογί,
1416 972 1467 1037 ὅλος

175 1081 285 1151 ῥυτὶς,
312 1074 372 1139 ὅλος
395 1073 507 1132 πολιὰ.
542 1074 604 1134 Cic.
633 1074 668 1131 de
696 1085 805 1136 senect.
825 1084 873 1140 18,
897 1083 939 1135 62.
967 1093 1026 1131 σου
1052 1073 1124 1131 euni
1142 1091 1201 1130 non
1227 1089 1330 1140 rugae
1354 1082 1466 1141 reperur

175 1168 387 1227 auctoritorem
408 1167 547 1243 arripere
561 1182 696 1244 possunt.
731 1168 797 1226 coll.
827 1167 913 1228 Ouid.
938 1169 1018 1225 Fast.
1042 1167 1084 1236 V,
1110 1172 1154 1226 st.
1199 1163 1316 1222 Senec.
1348 1160 1386 1217 de
1412 1161 1467 1216 ritu

176 1261 262 1320 beata
280 1281 306 1324 e.
326 1272 352 1321 8.

244 1432 275 1488 p.
291 1418 339 1480 66,
365 1419 410 1472 16.
443 1412 534 1474 πιστῦς
553 1410 608 1482 ἅμα
630 1417 672 1467 καὶ
691 1414 848 1483 προθύμους]
883 1418 926 1467 καὶ
947 1409 1030 1467 abest
1058 1410 1094 1466 ab
1119 1406 1188 1467 ΑΜ.
1210 1406 1286 1466 Bas.
1333 1405 1418 1464 Plut.
1439 1403 1469 1459 de

178 1504 245 1563 frat.
272 1522 370 1560 amore
396 1523 426 1577 p.
447 1510 496 1563 491
520 1504 558 1561 D.
601 1509 685 1574 φιλοῑς
711 1513 840 1567 πιστοῖς
867 1510 911 1559 καὶ
938 1501 1127 1574 προθύμοις
1154 1498 1472 1570 συνδιενεγκοῦσιν

179 1591 358 1669 ἄποδημίανῆ
377 1600 515 1669 στρατείαν.
550 1594 627 1652 Tum
644 1594 671 1651 d'
689 1606 758 1670 post
773 1597 898 1668 βούλομαι
914 1595 998 1653 abest
1015 1594 1052 1652 ab
1070 1596 1106 1656 Ε.

688 1770 927 1852 Capni.XXV.

245 1949 277 2004 p.
296 1932 344 1997 66,
362 1935 408 1989 21.
440 1927 557 1996 Ἰούλιος]
591 1929 686 1988 Julius
704 1941 734 1985 et
757 1929 885 1986 Sabinus
910 1930 988 1987 idem
1005 1931 1092 1986 homo
1116 1937 1178 1997 est,
1204 1926 1312 1984 Julius
1339 1924 1472 1983 Sabinus.

180 2021 258 2082 Male
283 2022 389 2080 dividit
412 2022 598 2083 Plutarchus.
639 2023 671 2080 Si
694 2023 794 2090 dicas,
825 2024 862 2080 ad
886 2022 996 2081 Juliurn
1019 2023 1182 2083 Vindicem
1205 2020 1349 2095 respici,
1381 2032 1410 2077 et
1430 2020 1471 2076 ille

180 2136 242 2179 non
265 2115 320 2178 sub
339 2117 529 2191 Vespasiano
546 2117 701 2173 tumultum
720 2116 827 2183 edidit,
859 2117 909 2174 sed
934 2115 988 2173 sub
1009 2116 1138 2173 Nerone.
1174 2114 1284 2170 Potest
1311 2126 1413 2171 tamen
1433 2115 1470 2168 sic

181 2210 295 2284 accipi,
322 2218 356 2266 ut
380 2206 451 2264 Julii
475 2206 579 2265 Sabini
601 2206 706 2265 turbae
730 2207 871 2284 reliquiae
894 2210 1004 2265 luerint
1027 2207 1180 2263 seditionis
1204 2225 1221 2260 a
1243 2205 1334 2263 Julio
1355 2207 1467 2264 Vindice

182 2303 358 2359 concitatae.
403 2300 439 2357 V.
466 2300 562 2357 Tacit.
593 2311 621 2356 et
644 2301 733 2359 Dion.
757 2300 839 2359 Cass.
865 2308 942 2360 1068.
982 2298 1176 2357 REISKIUS.
1212 2297 1249 2355 B.
1280 2299 1321 2356 E.
1350 2298 1461 2360 Kailios.

182 2394 253 2451 Julii
272 2392 377 2450 Sabini
398 2393 553 2448 historiam
574 2404 698 2449 narrant
722 2393 844 2449 Tacitus
866 2394 980 2449 Histor.
1006 2392 1058 2451 IV.
1089 2411 1116 2453 c.
1139 2399 1182 2448 67.
1208 2401 1238 2447 et
1264 2390 1333 2448 Dio
1360 2391 1462 2449 Cassius

182 2486 292 2545 LXVI.
309 2505 337 2546 e.
353 2494 378 2545 ³.
398 2495 426 2541 et
441 2486 506 2541 Iuse
526 2496 698 2560 persecutus
717 2497 762 2542 est
778 2487 866 2544 Dion.
883 2486 992 2546 Franz.
1005 2486 1148 2541 Secousse
1167 2483 1307 2540 histoire
1326 2485 1364 2540 ds
1381 2482 1466 2540 Julius

183 2577 313 2635 Sabinus
330 2592 357 2632 et
372 2577 566 2652 d’Eppouina
584 2597 619 2633 su
629 2575 745 2647 semme
763 2580 793 2634 in
812 2580 896 2635 Turn.
915 2578 970 2634 IX.
1006 2579 1164 2636 lllemoires
1182 2576 1219 2632 de
1236 2575 1410 2636 l'Academ.
1426 2575 1469 2631 des

181 2669 324 2743 inscript.
348 2687 377 2742 p.
395 2675 556 2728 424-445.
581 2679 613 2725 ut
627 2670 777 2742 cognitum
795 2666 888 2724 habeo
907 2687 922 2724 e
941 2669 1152 2736 Kaltwassero,
1173 2669 1225 2724 sed
1244 2669 1367 2727 librum
1388 2669 1470 2726 ocnlis

59 2789 62 2795 ¹
182 2779 328 2837 usurpare
351 2779 412 2817 nou
438 2762 570 2836 contigit.
605 2760 722 2817 Locum
743 2762 832 2817 uertit
856 2760 970 2822 Victor.
995 2761 1067 2820 Var.
1093 2762 1179 2821 Lect.
1204 2760 1328 2826 XVIII.
1354 2782 1421 2839 cap.
1436 2767 1470 2820 15.

185 2855 259 2914 Vide
277 2850 431 2928 Wytteub.
450 2853 543 2928 praei.
563 2852 600 2909 ad
617 2852 692 2908 Plut.
713 2851 769 2928 Op.
789 2852 865 2908 Mor.
885 2852 923 2911 Τ.
940 2851 962 2908 1.
982 2873 1011 2924 p.
1029 2852 1147 2910 XXIV.
1165 2851 1213 2912 cd.
1232 2851 1343 2928 Lips.'

252 3025 285 3082 ps
302 3009 353 3073 66,
371 3012 417 3067 22.
450 3001 541 3066 ἄλλους
556 2997 603 3070 τε]
639 2999 731 3065 ἄλλους
745 3008 773 3057 τε
790 3001 824 3060 Β.
844 3001 879 3058 Ε.
896 3001 966 3062 Ald.
983 3004 1050 3058 Bas.

254 3172 283 3227 p.
301 3158 349 3218 66,
367 3160 413 3212 23.
447 3147 591 3223 ἀνθρώπων
619 3148 732 3218 πάντων]
766 3150 834 3219 Non
860 3151 958 3225 placet
982 3151 1039 3206 hoc
1067 3148 1224 3223 Wyttenb.
1253 3154 1311 3226 qui
1338 3155 1472 3229 proponit

188 3241 311 3303 Γαλατῶν
330 3242 446 3311 πάντων,
464 3240 511 3341 Vel
528 3239 671 3316 ανθρώπων
688 3244 737 3298 τῶν
752 3249 799 3298 ἐκεῖ
816 3240 915 3299 πάντων
933 3244 980 3299 vel
996 3243 1045 3300 τῶν
1064 3242 1146 3300 ἄλλων
1161 3245 1274 3301 πάντων.

232 3436 286 3497 ‚1³⁴
304 3421 349 3480 66,
371 3421 416 3474 24.
451 3409 579 3485 ἇψᾶμευυι
596 3419 622 3470 di
639 3414 792 3489 πραγμάτων
807 3414 938 3488 μεγάλων]
972 3418 1048 3476 Plut.
1070 3420 1121 3474 vit.
1139 3392 1256 3493 Philop.
1284 3439 1313 3479 c.
1333 3421 1425 3479 XIV.
1448 3416 1472 3481 ὗς

187 3507 236 3583 χρὴ
253 3507 457 3599 πραγμάτοιν
476 3502 573 3581 μᾶλλον
592 3507 747 3582 ἅρασθαι
762 3508 881 3582 μεγάλων.
898 3530 926 3568 v.
945 3511 1050 3572 Baehr.
1070 3511 1107 3568 ed
1124 3513 1175 3570 vit.
1193 3512 1305 3585 Pyrrh,
1324 3534 1358 3590 p,
1373 3522 1432 3578 165,
1447 3544 1473 3558 -

190 3604 268 3659 Turn
284 3600 352 3659 Ald.
371 3601 438 3658 lias.
456 3597 555 3662 αὐτούς.

258 3768 289 3826 p.
308 3757 421 3839 ⁶⁶'.²⁶·
455 3749 582 3817 inscide]
617 3749 661 3806 Ita
682 3751 834 3809 emendavi
851 3771 867 3808 e
885 3749 919 3808 B.
938 3753 973 3812 E.
1007 3752 1108 3830 Vulgo
1131 3761 1157 3810 is
1173 3753 1268 3812 rodeis.
1308 3757 1394 3817 Tum
1417 3768 1474 3834 post

190 3842 334 3918 βαρβάρους
357 3842 389 3898 iu
418 3837 452 3899 E.
478 3837 585 3898 lacuna
610 3860 716 3899 novem
741 3843 893 3907 literarum
919 3845 1110 3921 exsulantque
1138 3844 1229 3903 verba
1252 3841 1287 3916 ἦν
1313 3852 1344 3906 σε
1371 3861 1475 3924 γυναῖκα

193 3938 271 3995 Tum
286 3934 357 3993 Bas,
373 3931 471 4010 ἤρα’ΐὸα.
1508 3939 1511 3942 ’

281 4028 292 4057 ¹
1510 4018 1513 4075 l

260 4106 290 4162 p.
309 4090 357 4150 66,
375 4091 420 4167 Ill,
436 4075 591 4157 Ἒμπονήν]
618 4084 738 4141 Tacitus
753 4082 805 4142 lib.
823 4091 867 4142 an.
894 4083 1090 4160 Epponinam
1106 4098 1195 4143 vocat
1210 4096 1243 4144 nt
1258 4088 1387 4164 quidem
1399 4091 1478 4148 hodie

192 4181 309 4256 legitur.
331 4176 625 4255 'Aphdxiphilinum
642 4193 656 4232 e
670 4177 766 4232 Dione
783 4178 814 4233 in
830 4177 1014 4252 Vespasiano
1026 4178 1172 4253 Peponilu
1188 4170 1316 4254 legitur.'
1344 4185 1394 4240 De
1413 4202 1478 4242 voce

194 4274 344 4348 disputare
364 4287 425 4338 uon
445 4281 539 4326 vacat.
574 4268 808 4326 XYLANDER.
843 4267 974 4341 Σεμὸνην,
998 4273 1167 4329 Semurium.
1202 4275 1478 4342 Semo,Se1nonis,
1509 4314 1512 4321 -

193 4367 313 4422 heroem
328 4373 419 4422 notat.
448 4361 687 4423 SALMASIUS.
716 4361 812 4419 Acuta
829 4374 874 4419 est
888 4363 1024 4444 salmasii
1040 4367 1179 4441 suspicio.
1207 4365 1345 4443 Macroh.
1360 4369 1479 4428 Saturn.
1509 4380 1512 4385 '

194 4456 286 4522 1‚1o.
314 4456 396 4531 opud
417 4471 528 4512 veteres
550 4475 662 4530 quoque
681 4455 734 4531 qui
755 4455 941 4513 nominasset
963 4457 1112 4525 Salutem,
1131 4459 1333 4529 ‘Samonium
1362 4465 1477 4543 Sejam,

193 4547 360 4620 Segetium,
380 4546 561 4616 Tutilinam,
570 4545 675 4620 serius
691 4547 887 4611 observasset.
912 4549 979 4610 Liv.
990 4549 1073 4618 VIII,
1090 4557 1135 4610 26.
1152 4549 1231 4609 dona
1244 4552 1375 4613 Semoni
1385 4559 1477 4614 Sanco
