3036 4994
641 187 892 259 ΕΡΩΤΙΚΟΣ.
1359 194 1411 257 ’55

117 363 216 448 magis
242 356 334 425 etiam
360 360 533 425 intellectus
560 355 635 441 ipsis
659 356 880 420 inflammatur.
920 355 1031 436 Itaque
1052 375 1153 438 neque
1172 353 1225 418 hic
1245 375 1316 418 cum
1337 375 1411 419 cor·

116 487 196 548 pore
217 470 332 547 degens
351 467 451 528 lucem
472 463 554 526 illam
576 460 785 526 desiderantes
799 473 830 523 et
844 458 1029 522 admirantes
1044 459 1202 523 desidente
1224 481 1325 543 neque
1339 474 1413 541 post

117 583 248 636 mortem
268 592 307 635 eo
328 569 437 644 delati,
457 571 519 632 buc
538 589 662 630 rursum
682 564 899 648 profugientes
916 568 955 627 ad
972 563 1059 628 iores
1079 577 1110 627 et
1130 564 1287 629 domicilia
1302 587 1413 630 recens

115 675 329 739 maritatorum
356 695 526 754 corporum
557 675 786 747 obversantur,
817 667 1033 750 imagunculae
1063 669 1197 733 difficilia
1228 670 1413 735 exhibentes

117 781 233 845 sononia
255 776 396 843 virorum
417 791 448 842 et
469 775 630 841 mulierum
651 774 806 858 voluptati
826 789 856 839 ct
876 773 1008 854 corpori
1029 773 1222 852 deditorum,
1247 775 1412 861 atquibus

118 884 203 954 nullo
228 883 298 967 jure
323 882 488 947 amantium
517 903 630 946 nomeu
656 881 825 945 tribuatur.
867 878 930 960 Qui
957 878 1038 942 enim
1065 901 1140 943 vere
1161 893 1207 943 est
1227 880 1411 958 amatorius,

117 1010 156 1054 eo
184 987 364 1070 profectus,
397 1001 449 1066 et,
485 999 633 1070 quantum
660 985 710 1067 fas
740 997 805 1060 cst,
834 985 1039 1066 pulchrorum
1071 1006 1144 1047 usus
1173 983 1411 1061 consuetudine,

114 1093 211 1156 alatus
240 1106 304 1169 est,
333 1105 365 1157 et
392 1090 493 1178 orgiis
523 1090 660 1153 initiatus
687 1111 809 1172 semper
840 1087 923 1152 cirea
952 1087 1134 1152 Themidem
1162 1087 1270 1170 [suum
1299 1089 1411 1169 deum]

113 1210 259 1261 versatur
279 1211 399 1260 sursum
421 1198 553 1258 choreas
573 1197 687 1258 ducens
708 1207 800 1278 atque
821 1217 880 1257 una
901 1192 1159 1258 circumvehens:
1183 1197 1285 1257 donec
1304 1215 1413 1257 rursus

116 1301 148 1365 in
170 1304 277 1364 Lunae
298 1314 328 1364 et
347 1299 484 1363 Veneris
505 1311 592 1380 prata
615 1297 740 1362 veniens
761 1313 791 1363 et
811 1298 1031 1375 obdormiens,
1052 1320 1168 1362 novum
1187 1311 1290 1361 ortum
1306 1295 1414 1380 auspi-

115 1417 218 1468 cetur.
259 1407 320 1467 Sed
345 1406 423 1467 haec
449 1401 575 1486 majoris
599 1416 672 1466 sunt
691 1402 858 1485 proposito
880 1402 1068 1488 argumenti.
1111 1402 1278 1467 Caeterum
1299 1401 1414 1470 Amori

115 1509 149 1572 id
163 1529 296 1593 {qnoque
316 1511 417 1584 adest,
441 1511 526 1589 quod
545 1507 675 1592 reliquis
697 1507 755 1570 diis
775 1510 882 1571 adesse
903 1506 1072 1588 Euripides
1094 1506 1193 1572 dixit:

347 1610 405 1677 Ab
424 1608 624 1678 horninibus
642 1631 682 1678 se
700 1611 833 1695 qaudet
853 1609 1048 1680 honoribus
1068 1609 1197 1693 adfici:

115 1726 145 1778 et
165 1728 287 1780 contra.
327 1719 386 1780 Est
406 1715 484 1779 enim
505 1715 746 1798 benignissimus
760 1717 816 1792 iis,
837 1715 891 1802 qui
905 1715 983 1780 scite
1000 1734 1068 1779 eum
1086 1716 1278 1800 suscipiunt:
1303 1715 1411 1802 gravis

114 1819 336 1883 contumaciter
357 1842 424 1883 euru
439 1820 674 1884 aversantibus:
698 1835 729 1885 et
743 1845 844 1907 neque
858 1824 1015 1904 hospitum
1030 1823 1267 1906 supplicemque
1281 1822 1419 1904 injurias,

112 1935 172 1987 tam
187 1925 330 1988 celeriter
344 1924 468 2007 Jupiter
481 1925 671 2008 Hospitalis,
692 1948 792 2010 neque
806 1940 968 2008 parentum
990 1927 1244 2008 imprecationem
1260 1927 1413 1991 Genitalis

111 2028 309 2111 persequitur
324 2042 416 2114 atque
431 2028 609 2102 ulciscitur,
631 2053 724 2112 qnam
741 2053 815 2095 mox
836 2044 991 2094 amatores
1012 2030 1268 2112 circumscriptos
1285 2030 1413 2112 Cupido

112 2134 258 2209 exaudit,
285 2134 407 2198 rudium
432 2147 463 2197 et
483 2136 691 2214 superborum
714 2135 874 2197 hominum
901 2133 1030 2198 vindex.
1072 2132 1155 2213 Quid
1176 2132 1255 2196 enim
1277 2133 1412 2198 reseram

112 2240 349 2318 Euxynthetum
370 2252 401 2302 et
422 2237 717 2315 Leucnmantidem,
740 2260 819 2324 qnae
837 2239 868 2303 in
881 2238 998 2323 ,Cypro
1018 2233 1294 2321 παρακύπτουσα,
1313 2236 1346 2302 id
1365 2250 1413 2302 est

111 2343 326 2426 prospiciens,
356 2342 520 2406 etiamnum
547 2341 732 2425 appellatur.
773 2344 845 2407 Vos
872 2357 971 2408 autem
999 2343 1135 2406 sortasse
1161 2365 1225 2406 non
1248 2340 1412 2406 audivistis

112 2470 245 2531 poenam
257 2449 385 2528 Gorgus
398 2447 572 2528 Cretensis,
593 2446 740 2512 culidem
760 2448 828 2511 lere
844 2472 900 2516 usu
918 2447 1017 2522 venit,
1040 2451 1126 2532 quod
1141 2443 1411 2538 παρακυπτοὺσῃ,

113 2552 174 2616 nisi
207 2556 292 2636 quod
322 2553 398 2615 haec
426 2552 571 2636 quidem,
606 2567 701 2635 caput
728 2575 898 2630 exserens,
932 2566 966 2617 ut
991 2566 1160 2616 amatorem
1188 2574 1275 2615 suum
1304 2551 1412 2617 efferri

113 2656 252 2734 videret,
271 2656 302 2720 iu
319 2657 450 2740 lapidem
469 2671 514 2721 est
531 2679 695 2728 conversa.
736 2660 919 2744 Gorgonem
935 2659 1090 2735 adamavit
1104 2661 1265 2736 Asander,
1287 2656 1410 2740 juvenis

110 2765 248 2844 probus,
278 2775 310 2826 et
339 2761 393 2843 qui
421 2761 535 2825 illustri
563 2777 653 2827 natus
685 2785 798 2848 genere
831 2788 848 2829 e
874 2787 909 2829 re
935 2764 1017 2829 lauta
1047 2767 1087 2826 ad
1112 2776 1233 2826 tenuem
1264 2767 1410 2827 redactus

111 2868 282 2944 loctunam,
297 2880 397 2931 tamen
413 2889 563 2950 nusquam
578 2872 616 2931 de
630 2890 663 2931 se
677 2866 746 2949 ipso
763 2873 961 2951 desperaret:
985 2875 1040 2934 sed
1056 2870 1255 2952 Gorgonem,
1270 2886 1351 2947 quae
1367 2868 1410 2929 ob
1472 2868 1476 2875 “

110 2972 245 3047 divitias,
261 2970 305 3035 uti
320 2976 499 3055 apparebat,
510 2996 526 3035 a
539 2971 641 3035 multis
656 2971 795 3036 certatim
806 2976 985 3054 petebatur,
1000 2992 1132 3036 rrxorem
1148 2968 1208 3032 sihi
1219 2967 1287 3031 dari
1300 2982 1410 3050 postn-

110 3077 206 3141 lavit:
224 3092 376 3160 cognatus
389 3077 454 3157 ipsc
468 3077 603 3161 quidem,
615 3091 645 3140 et
658 3076 805 3162 quisnam
821 3099 943 3139 causam
958 3076 1104 3140 omnibus
1117 3074 1237 3156 puellae
1251 3073 1411 3139 tutoribus

113 3205 151 3247 ac
171 3180 354 3245 necessariis
374 3185 555 3263 probasset,
577 3183 691 3245 multos
712 3195 813 3245 tamen
834 3196 865 3246 et
885 3181 1033 3266 egregins
1053 3183 1184 3243 baberet
1203 3178 1330 3249 rivales.
1350 3183 1410 3258 ††

190 3327 289 3388 XXI.
337 3328 361 3400 †
388 3330 412 3401 †
443 3329 549 3391 Porro
581 3349 658 3410 quas
689 3327 795 3390 dicunt
825 3348 933 3389 causas
963 3338 995 3388 et
1024 3325 1242 3410 generationes
1272 3325 1409 3402 amoris,

112 3431 252 3496 neutrius
274 3442 344 3492 sumt
365 3451 459 3492 sexus
479 3431 644 3513 propriae,
666 3435 721 3495 sed
742 3452 920 3494 conininnes
941 3430 1116 3513 utriusque.
1157 3433 1237 3494 Nam
1258 3430 1408 3515 imagines

111 3536 276 3619 proiecto,
298 3557 377 3619 quae
393 3540 432 3599 ad
447 3537 596 3600 Auiorem
613 3558 788 3619 propensos
803 3539 935 3599 subeunt
950 3558 986 3598 ac
1001 3534 1195 3614 discurrunt,
1217 3549 1408 3620 moventque

112 3653 144 3705 ct
171 3640 297 3704 titillant
323 3662 438 3722 corpus
466 3643 503 3702 ad
527 3663 631 3704 semen
657 3642 826 3723 prolabens
846 3640 915 3704 aliis
939 3640 1198 3727 figurationibus,
1229 3640 1409 3724 [proficisci

112 3745 234 3828 possint
260 3767 276 3808 a
305 3743 429 3826 pueris,
458 3768 473 3807 a
498 3744 621 3808 leminis
647 3769 710 3810 non
737 3746 870 3827 possint.
912 3748 955 3809 Et
975 3746 1124 3828 pulchrae
1145 3746 1217 3809 illae
1238 3766 1408 3826 sacraeque

113 3852 348 3916 recordationes
369 3872 405 3935 ae
425 3851 644 3916 revocationes
664 3855 704 3914 ad
723 3851 880 3930 divinam,
911 3874 1035 3925 veram,
1065 3873 1102 3915 ac
1128 3852 1296 3916 coelestem
1323 3848 1407 3912 illam

112 3953 393 4040 pulchritudinem,
426 3954 539 4040 quibus
567 3956 657 4041 qnasi
682 3955 740 4021 alis
766 3956 885 4021 aniinus
908 3957 1108 4037 sublevatur,
1136 3956 1231 4042 quid]
1263 3954 1408 4040 impedit,

120 4137 152 4194 C.
176 4142 201 4195 6.
239 4121 329 4204 οὕτως]
347 4137 382 4195 Ε.
418 4138 514 4213 Vulgo
534 4137 606 4195 οὕτω.

114 4229 148 4286 E.
173 4236 199 4287 1.
240 4231 294 4299 gir
311 4235 377 4304 περὶ]
396 4231 457 4288 ΒΕ.
491 4232 587 4308 Vulgo
606 4232 688 4290 abest
706 4235 857 4295 articulus.
1390 4290 1393 4295 .

116 4324 153 4379 E.
174 4328 200 4380 ².
234 4322 352 4385 uersauit<
370 4327 385 4362 *
403 4328 419 4362 *
436 4327 482 4391 tu]
508 4324 615 4400 reliqui
651 4329 736 4402 signa
758 4327 900 4397 laennae3
930 4345 1098 4405 quanquam
1118 4329 1235 4404 ejusne
1256 4329 1408 4387 minianum

252 4415 369 4491 quidem
390 4427 435 4472 est
452 4419 608 4495 vestigium
629 4440 660 4476 m
677 4421 739 4477 BE.

117 4506 153 4565 E.
172 4504 222 4564 ult.
242 4510 374 4579 καλοῦμεν]
392 4508 436 4561 W
438 4509 550 4582 yttenh.
570 4513 706 4586 conjecit.
722 4517 767 4569 aut
781 4509 933 4585 ἇναιύιὶσιις.

63 4632 65 4645 ·
118 4600 153 4659 F.
177 4605 202 4658 1.
237 4599 381 4669 elnoldo]
409 4602 443 4661 Ε.
474 4605 505 4659 in
532 4625 590 4681 quo
618 4617 716 4665 tamen
750 4617 796 4665 est
818 4617 888 4685 post
911 4612 939 4663 si
960 4605 1070 4667 lecum
1093 4607 1228 4667 humum
1245 4609 1430 4683 luseramus.

195 4706 198 4711 '
252 4691 349 4768 Vulgo
366 4701 392 4750 vl
408 4691 455 4751 οὖν
469 4695 562 4754 rolin.
