3036 4994
147 186 207 253 tta

152 347 189 404 de
205 356 284 422 poet.
303 342 369 401 aud.
388 360 418 417 p.
436 348 470 402 33
486 340 524 401 Α.
537 340 572 398 Β.
592 356 692 414 praec.
712 340 831 415 conjug.
853 357 883 414 ρ.
903 346 952 400 142
970 337 1004 397 Β.
1041 296 1142 412 Eurip.
1159 337 1224 411 Iph.
1243 337 1312 397 Aul.
1330 355 1374 395 vs.
1396 343 1460 399 548.

153 439 277 498 Servius
294 437 332 495 ad
350 436 440 512 Virg.
458 437 536 495 Aen.
554 428 594 491 X.
618 450 647 506 p.
666 436 725 489 393.
746 431 794 494 ed.
811 432 910 489 Paris·
945 432 1141 490 Wernsdori.
1160 431 1198 488 ad
1214 431 1328 492 llimer.
1347 450 1376 506 p.
1396 436 1460 489 353.

151 529 275 592 Jacobs.
294 528 453 591 Animadv.
472 527 510 585 ad
526 525 648 583 Anthol.
667 524 722 585 111.
742 524 766 584 1.
790 543 820 600 p.
840 528 901 583 318.
936 524 1044 582 Baehr.
1063 525 1099 581 ad
1117 525 1195 581 Plut.
1214 522 1311 580 Alcib.
1331 543 1361 599 p.
1379 530 1426 582 80.

226 704 257 759 p.
279 690 327 753 1⁰,
351 687 393 740 11.
434 686 537 751 φαίνεαι
569 665 691 749 κᾶχαρις]
732 674 769 731 In
796 685 938 732 contextu
965 674 1073 751 reliqui
1102 685 1231 732 ueterem
1258 676 1460 750 scripturam,

158 777 293 856 quamvis
319 775 384 831 vitii
405 782 583 847 suspectam.
619 768 720 829 Schol.
742 771 822 826 enim
844 769 968 826 Pindari
988 770 1077 842 Pyth.
1102 767 1151 835 ΙΙ,
1177 776 1220 824 42.
1249 769 1461 825 demonstrans

152 871 306 945 χαρίζεσθαι
317 885 382 923 esse
397 863 623 932 σννοσσιάζεσθαι,
636 865 667 919 in
680 873 780 937 partes
793 873 881 918 vocat
892 865 981 918 etiam
991 862 1128 937 Sapphus
1143 882 1276 920 versum=
1289 869 1333 918 not
1342 863 1461 932 Σαπφώ·

155 963 256 1038 μικρὰ
272 984 327 1033 μοι
346 960 419 1023 αιἰῖς
435 966 571 1033 ίμμενοιι
587 956 781 1029 λιθδχαρις,
799 954 815 1026 ἡ
835 955 909 1029 μήπω
925 959 1049 1027 δυναμένη
1063 956 1107 1010 διὰ
1120 957 1166 1026 τὴν
1177 956 1275 1027 ἡλικίαν
1288 965 1461 1030 χαρίσασθαι.

155 1054 207 1114 ubi
224 1053 290 1113 cod.
309 1049 586 1124 6011.·φι’,·λῖιὸχαρις,
612 1050 709 1105 littera
732 1072 750 1121 φ
774 1050 805 1105 iu
830 1049 926 1105 media
947 1048 1083 1105 inferiori
1108 1049 1185 1106 linea
1210 1050 1345 1106 verticali
1371 1050 1462 1105 aliam

154 1145 280 1207 habente
310 1144 534 1203 horizontalem.
571 1143 684 1201 Maxim
713 1143 787 1216 Tyr.
813 1143 896 1200 DiSS.
922 1142 1040 1202 XXIV.
1067 1142 1194 1215 Σμικρό
1221 1168 1280 1213 μοι
1308 1154 1388 1206 παῖς
1413 1151 1462 1199 ἴτι

156 1247 272 1315 φαίνεο
297 1245 352 1295 καί
376 1246 556 1312 χαρίεσσα,
578 1235 630 1293 nbi
653 1235 756 1297 Daris,
773 1235 945 1312 requirebat
963 1233 1023 1292 ιιοῦ
1039 1245 1172 1310 χαρίεσσα.
1210 1237 1321 1293 Reisltii
1346 1236 1384 1292 ad
1405 1255 1463 1292 no·

156 1344 251 1391 strum
268 1332 367 1389 locum
381 1333 583 1407 conjecturam
596 1337 672 1402 tppav
684 1325 844 1401 ἆλινὸχαρις,
863 1340 895 1387 ut
905 1331 944 1387 sit
959 1326 1141 1400 ἁμαρτάνουσα
1155 1331 1205 1385 τῶν
1219 1338 1344 1404 χαρίτων,
1357 1337 1462 1402 ἑστερη-

156 1435 219 1501 μένη
243 1425 293 1481 αἶα
314 1431 426 1499 χαρίτων
453 1440 700 1482 commemorasse
728 1420 863 1482 sufficiet.
911 1422 993 1478 Neue
1018 1425 1048 1479 iu
1076 1424 1186 1499 Sapph.
1216 1423 1333 1498 Fragm.
1362 1443 1392 1497 p.
1418 1430 1460 1481 54.

157 1517 313 1595 legendum
331 1519 460 1592 conjecit

560 1626 660 1698 Σμινρά
680 1649 725 1698 μοι
732 1666 739 1690 ,
762 1635 822 1692 παῖ,
840 1622 872 1679 i'c'
890 1632 994 1696 ἔμμεναι

561 1723 664 1795 φαίνεαι
680 1717 793 1792 κᾶχαρις.

159 1854 218 1914 Sed
234 1855 378 1930 palmaria
395 1864 440 1910 est
457 1852 641 1922 emendatio,
661 1871 749 1928 qnam
765 1862 888 1926 rogatus
910 1869 992 1907 ruens
1009 1853 1067 1908 Th.
1086 1852 1232 1926 Berghius
1251 1868 1307 1925 pro
1324 1851 1465 1905 hnmani-

157 1957 218 2006 tate
243 1966 296 2005 sua
319 1965 372 2023 per
389 1947 491 2004 literas
509 1965 624 2003 mecum
642 1947 872 2004 communicavit
888 1955 918 2001 et
935 1964 1015 2000 nunc
1034 1948 1098 2020 ipse
1117 1944 1229 2020 publici
1247 1945 1323 2019 juris
1341 1945 1416 2001 fecit
1433 1946 1464 1999 in

159 2044 361 2101 Anacreontis
378 2042 473 2118 laetiq.
491 2060 520 2118 p.
540 2048 582 2100 37.
601 2052 631 2097 et
648 2043 679 2097 in
696 2038 839 2096 Rhenano
858 2039 935 2098 Μαι.
954 2039 1008 2095 ΙΙΙ.
1028 2044 1054 2095 2.
1079 2059 1108 2112 p.
1127 2045 1177 2097 212
1195 2058 1240 2114 sq.

561 2149 663 2224 Σμικρὰ
679 2172 724 2223 μοι
744 2149 804 2212 stilic
820 2157 939 2222 ίρερεεναι,

563 2242 652 2311 Ἀτθί,
670 2248 759 2315 φαίνεο
776 2241 888 2317 κᾶχαρις.

160 2378 262 2437 Atthis
279 2380 374 2445 euim,
392 2378 496 2453 pulcra
514 2376 628 2452 puella,
646 2386 741 2432 amata
754 2378 809 2433 fuit
821 2375 985 2454 Sapphoui.
1004 2376 1116 2433 Maxim
1132 2376 1205 2448 Tyr.
1221 2374 1332 2431 XXIV.
1351 2373 1463 2448 Sapph.

161 2470 268 2544 fragm.
285 2477 327 2528 14.

429 2575 533 2652 ἦρδμαν
548 2584 595 2651 μὲν
613 2578 660 2650 lyd
677 2586 772 2644 σέθεν,
793 2576 900 2644 lacet,
922 2577 1003 2634 ,τάλαι
1018 2577 1093 2634 πόνει.

163 2685 272 2743 Postea
288 2703 360 2743 vero
378 2702 413 2743 ea
430 2685 469 2743 ad
485 2686 706 2743 Andromedam
724 2705 756 2742 se
774 2686 915 2752 contulit,
934 2687 972 2746 ir.
991 2695 1035 2747 37.

498 2793 586 2851 'Avo
597 2802 624 2860 ί,
646 2800 689 2851 σοὶ
708 2794 735 2850 δ’
753 2801 846 2868 tnesis
861 2803 908 2868 μὲν
925 2793 1057 2866 ἀπήχθετο

506 2891 675 2966 φρονείσδην,
699 2894 740 2945 tut
760 2883 785 2944 δ’
800 2884 971 2961 Ἀνδρομέδαν
987 2890 1053 2962 ποιῇ

166 3021 363 3079 Terentianus
382 3021 504 3081 Maurus
522 3039 550 3081 c.
568 3021 628 3083 IV.
646 3041 676 3081 v.
693 3029 772 3082 3154.

431 3129 527 3188 Cordi
543 3131 663 3206 ρειαεεᾶσ
675 3129 777 3202 saissa
793 3132 857 3189 sibi·
874 3134 956 3190 cortic
973 3134 1104 3191 Atthida

433 3223 585 3293 Parvum,
595 3222 701 3303 floreo
717 3225 883 3298 virginitas
900 3245 957 3283 suo
972 3246 1040 3284 cum
1048 3227 1147 3298 soret.

233 3392 263 3450 p.
279 3378 327 3441 13,
346 3376 389 3432 13.
422 3380 467 3445 βία
489 3377 516 3430 tt
537 3372 651 3448 πράξας]
686 3374 743 3434 Th.
771 3375 877 3452 Bergk.
904 3379 1032 3451 conjecit
1056 3384 1102 3449 βίρ
1127 3376 1155 3433 δ’
1183 3386 1294 3446 ἔπραξας
1319 3380 1469 3455 χιέριταςιῖ

164 3466 262 3531 'armoe
275 3465 364 3541 ιιόρρν,
382 3467 414 3523 in
428 3466 507 3543 quod
517 3468 576 3542 jam
587 3467 686 3528 Reisli.
704 3468 859 3528 inciderat.
895 3470 953 3527 Sed
971 3490 1038 3529 oum
1051 3474 1159 3546 tragici
1173 3485 1276 3548 poetae
1293 3506 1329 3518 -
1345 3494 1468 3533 versum

167 3561 247 3617 euim
262 3558 414 3634 Euripidis
428 3577 495 3616 esse
512 3561 649 3635 suspicor
665 3592 701 3604 -
716 3559 801 3618 verbi
818 3559 895 3618 liniti
910 3562 977 3619 loco
993 3565 1184 3639 participium
1200 3567 1237 3622 ad
1255 3569 1379 3625 alterius
1396 3589 1469 3644 per-

168 3670 260 3709 sonae
278 3654 444 3710 orationem
462 3663 664 3729 antegressam
678 3655 872 3712 accomodare
892 3656 1023 3724 soleant,
1041 3676 1070 3714 r.
1083 3657 1195 3735 Reisig.
1209 3660 1374 3719 Commeat.
1391 3663 1469 3720 crit.

167 3744 260 3821 Soph.
277 3744 353 3807 ond.
371 3744 435 3805 Col.
450 3764 482 3821 p.
493 3751 555 3806 331.
572 3744 678 3807 Mam.
697 3746 750 3803 Gr.
766 3765 797 3822 p.
812 3754 907 3816 1333,
926 3749 1001 3806 nihil
1017 3752 1187 3809 novandum
1205 3771 1323 3815 censeo.
1350 3754 1472 3829 Χάριτας

168 3838 287 3913 optma
309 3856 382 3895 vero
401 3849 448 3895 est
466 3837 499 3895 οἱ
514 3854 708 3914 extorquere,
734 3840 857 3914 erigere
873 3842 1114 3915 purificationes
1136 3845 1171 3902 dc
1196 3857 1299 3922 stupro
1323 3850 1352 3905 ai
1374 3850 1471 3910 illato.

168 3931 244 3991 Ptat.
262 3930 390 3994 Phaedr.
407 3950 438 4006 p.
456 3936 509 3990 tu
524 3931 564 3993 Α.
582 3930 641 3988 οὐδὲ
657 3937 685 3989 οἳ
700 3931 961 4007 διαπραξάμενοι
981 3934 1045 4010 πρὸς
1060 3937 1121 4000 τοὺς
1135 3936 1228 4003 ἄλλους
1246 3941 1460 4011 ριίοειμιξσονεοιι

169 4021 222 4080 tu'
240 4029 332 4087 οῗεινες
344 4023 519 4096 αἰσχυνόμενοι
532 4021 594 4098 πρὸς
606 4022 721 4089 ἅπαντας
733 4022 919 4095 omniorum,
943 4025 995 4084 ubi
1011 4038 1057 4084 est
1072 4031 1193 4105 expleto
1210 4033 1272 4089 ιὀεα
1289 4001 1473 4109 cupiditate:

172 4136 202 4177 v.
220 4118 287 4174 Ast.
304 4135 335 4192 p.
352 4121 413 4173 233.
431 4115 468 4176 T.
481 4116 521 4176 X.
541 4120 675 4192 Sympos.
693 4137 724 4193 p.
743 4125 795 4177 ist
814 4119 847 4180 B.
881 4126 967 4175 {neno
983 4118 1018 4183 ὃς
1031 4119 1065 4176 dv
1082 4122 1205 4179 δὺνιιηαι
1226 4123 1387 4196 ἇνοιριιὶιιιν,
1405 4129 1474 4201 πρὸς

172 4210 203 4266 εδ
233 4207 485 4284 διαπράξασθαι
513 4209 593 4283 μδνον
617 4217 756 4283 βλέποντες.
805 4211 945 4287 Xenoph.
971 4213 1110 4289 Sympos.
1136 4215 1225 4285 ΠΗ,
1254 4226 1296 4278 13.
1325 4218 1345 4274 εἳ
1368 4221 1474 4278 σπεύδει

170 4301 323 4376 :spritum
340 4302 413 4377 νεαροὶ
430 4304 622 4361 sinnadensis.
639 4302 680 4363 ih.
693 4304 746 4371 IV,
765 4311 809 4364 18.
841 4305 1101 4384 Pindar.l¹'ng1n.
1119 4317 1180 4369 1³³.
1196 4330 1228 4386 p.
1239 4318 1301 4373 255.
1318 4312 1366 4370 cd.
1385 4314 1473 4375 Dis&

439 4432 491 4494 Rq
506 4430 551 4479 νεεδ
567 4424 630 4498 left?
647 4430 691 4479 νεεδ
704 4430 777 4493 {pam
789 4429 997 4497 χαρίζεσθαι
1012 4426 1077 4484 acad
1092 4426 1197 4497 εισιριίν·

442 4514 477 4586 pn}
497 4523 666 4591 αριοβοεεραν
683 4510 803 4588 deodrici·
820 4520 892 4573 διίιεε
901 4560 911 4587 ,
929 4527 1015 4591 θυμέ,

443 4608 567 4680 πρᾶξιν.
