<?xml version="1.0" encoding="UTF-8"?>
<!DOCTYPE html PUBLIC "-//W3C//DTD XHTML 1.0 Transitional//EN"
    "http://www.w3.org/TR/xhtml1/DTD/xhtml1-transitional.dtd">
<html xmlns="http://www.w3.org/1999/xhtml" xml:lang="en" lang="en">
 <head>
  <title>
</title>
<meta http-equiv="Content-Type" content="text/html;charset=utf-8" />
  <meta name='ocr-system' content='tesseract 3.04.00' />
  <meta name='ocr-capabilities' content='ocr_page ocr_carea ocr_par ocr_line ocrx_word'/>
</head>
<body>
  <div class='ocr_page' id='page_1' title='image "./plutarchierotic00xylagoog_0239.png"; bbox 0 0 3036 4994; ppageno 0'>
   <div class='ocr_carea' id='block_1_1' title="bbox 1279 175 1337 237">
    <p class='ocr_par' dir='ltr' id='par_1_1' title="bbox 1279 175 1337 237">
     <span class='ocr_line' id='line_1_1' title="bbox 1279 175 1337 237; baseline 0 0"><span class='ocrx_word' id='word_1_1' title='bbox 1279 175 1337 237; x_wconf 79' lang='grc'><strong>215</strong></span> 
     </span>
    </p>
   </div>
   <div class='ocr_carea' id='block_1_2' title="bbox 52 326 1402 595">
    <p class='ocr_par' dir='ltr' id='par_1_2' title="bbox 52 326 1402 595">
     <span class='ocr_line' id='line_1_2' title="bbox 52 326 1402 402; baseline -0.001 -18"><span class='ocrx_word' id='word_1_2' title='bbox 52 339 83 399; x_wconf 83' lang='lat' dir='ltr'><strong>p.</strong></span> <span class='ocrx_word' id='word_1_3' title='bbox 106 331 168 386; x_wconf 74' lang='grc'>980.</span> <span class='ocrx_word' id='word_1_4' title='bbox 209 326 254 383; x_wconf 92' lang='lat' dir='ltr'><strong>De</strong></span> <span class='ocrx_word' id='word_1_5' title='bbox 278 329 451 402; x_wconf 81' lang='lat' dir='ltr'><strong>pronomine</strong></span> <span class='ocrx_word' id='word_1_6' title='bbox 475 327 706 386; x_wconf 73' lang='lat' dir='ltr'><strong>demonstrativo</strong></span> <span class='ocrx_word' id='word_1_7' title='bbox 733 337 803 402; x_wconf 86' lang='lat' dir='ltr'><strong>post</strong></span> <span class='ocrx_word' id='word_1_8' title='bbox 824 328 978 385; x_wconf 83' lang='lat' dir='ltr'><strong>relativum</strong></span> <span class='ocrx_word' id='word_1_9' title='bbox 1004 328 1053 396; x_wconf 80' lang='grc' dir='ltr'><strong>(ὅ,</strong></span> <span class='ocrx_word' id='word_1_10' title='bbox 1079 352 1105 384; x_wconf 80' lang='grc' dir='ltr'><strong>τι</strong></span> <span class='ocrx_word' id='word_1_11' title='bbox 1127 331 1222 394; x_wconf 72' lang='lat' dir='ltr'><strong>vodio)</strong></span> <span class='ocrx_word' id='word_1_12' title='bbox 1256 329 1342 385; x_wconf 82' lang='lat' dir='ltr'><strong>illoto.</strong></span> <span class='ocrx_word' id='word_1_13' title='bbox 1397 328 1402 337; x_wconf 84' lang='grc'><strong>“</strong></span> 
     </span>
     <span class='ocr_line' id='line_1_3' title="bbox 52 415 1338 495; baseline 0.005 -23"><span class='ocrx_word' id='word_1_14' title='bbox 52 415 212 492; x_wconf 77' lang='lat' dir='ltr'><strong>disputavit</strong></span> <span class='ocrx_word' id='word_1_15' title='bbox 228 417 321 477; x_wconf 84' lang='lat' dir='ltr'><strong>Voss.</strong></span> <span class='ocrx_word' id='word_1_16' title='bbox 341 419 378 476; x_wconf 86' lang='lat' dir='ltr'><strong>ad</strong></span> <span class='ocrx_word' id='word_1_17' title='bbox 392 420 476 477; x_wconf 85' lang='lat' dir='ltr'><strong>Hour.</strong></span> <span class='ocrx_word' id='word_1_18' title='bbox 493 421 602 493; x_wconf 82' lang='lat' dir='ltr'><strong>Hyrun.</strong></span> <span class='ocrx_word' id='word_1_19' title='bbox 622 424 653 478; x_wconf 92' lang='lat' dir='ltr'><strong>in</strong></span> <span class='ocrx_word' id='word_1_20' title='bbox 674 420 739 478; x_wconf 88' lang='lat' dir='ltr'><strong>Cer.</strong></span> <span class='ocrx_word' id='word_1_21' title='bbox 756 440 786 494; x_wconf 88' lang='lat' dir='ltr'><strong>p.</strong></span> <span class='ocrx_word' id='word_1_22' title='bbox 805 427 836 479; x_wconf 80' lang='lat'><strong>³1</strong></span> <span class='ocrx_word' id='word_1_23' title='bbox 855 439 899 494; x_wconf 84' lang='lat' dir='ltr'><strong>sq.</strong></span> <span class='ocrx_word' id='word_1_24' title='bbox 919 420 949 486; x_wconf 84' lang='grc' dir='ltr'><strong>ὅ,</strong></span> <span class='ocrx_word' id='word_1_25' title='bbox 967 444 993 474; x_wconf 80' lang='grc' dir='ltr'><strong>τι</strong></span> <span class='ocrx_word' id='word_1_26' title='bbox 1008 440 1063 495; x_wconf 87' lang='lat' dir='ltr'><strong>pro</strong></span> <span class='ocrx_word' id='word_1_27' title='bbox 1079 420 1121 475; x_wconf 74' lang='grc' dir='ltr'><strong>ὅτι</strong></span> <span class='ocrx_word' id='word_1_28' title='bbox 1137 426 1225 479; x_wconf 82' lang='lat' dir='ltr'><strong>etiam</strong></span> <span class='ocrx_word' id='word_1_29' title='bbox 1241 426 1338 479; x_wconf 83' lang='lat' dir='ltr'><strong>Beru-</strong></span> 
     </span>
     <span class='ocr_line' id='line_1_4' title="bbox 55 510 1201 595; baseline 0.007 -30"><span class='ocrx_word' id='word_1_30' title='bbox 55 510 151 583; x_wconf 85' lang='lat' dir='ltr'><strong>hurdy</strong></span> <span class='ocrx_word' id='word_1_31' title='bbox 168 510 253 584; x_wconf 87' lang='lat' dir='ltr'><strong>Synt.</strong></span> <span class='ocrx_word' id='word_1_32' title='bbox 271 531 300 587; x_wconf 89' lang='lat' dir='ltr'><strong>p.</strong></span> <span class='ocrx_word' id='word_1_33' title='bbox 313 519 374 572; x_wconf 74' lang='lat'><strong>278.</strong></span> <span class='ocrx_word' id='word_1_34' title='bbox 400 516 556 595; x_wconf 78' lang='lat' dir='ltr'><strong>proposuit</strong></span> <span class='ocrx_word' id='word_1_35' title='bbox 572 514 623 570; x_wconf 92' lang='lat' dir='ltr'><strong>sed</strong></span> <span class='ocrx_word' id='word_1_36' title='bbox 641 515 712 569; x_wconf 86' lang='lat' dir='ltr'><strong>satis</strong></span> <span class='ocrx_word' id='word_1_37' title='bbox 729 512 854 568; x_wconf 84' lang='lat' dir='ltr'><strong>obscure</strong></span> <span class='ocrx_word' id='word_1_38' title='bbox 873 513 1048 568; x_wconf 75' lang='lat' dir='ltr'><strong>sententiam</strong></span> <span class='ocrx_word' id='word_1_39' title='bbox 1063 513 1201 573; x_wconf 81' lang='lat' dir='ltr'><strong>reddidit.</strong></span> 
     </span>
    </p>
   </div>
   <div class='ocr_carea' id='block_1_3' title="bbox 121 661 935 735">
    <p class='ocr_par' dir='ltr' id='par_1_3' title="bbox 121 661 935 735">
     <span class='ocr_line' id='line_1_5' title="bbox 121 661 935 735; baseline -0.004 -17"><span class='ocrx_word' id='word_1_40' title='bbox 121 678 152 735; x_wconf 92' lang='lat' dir='ltr'><strong>p.</strong></span> <span class='ocrx_word' id='word_1_41' title='bbox 169 667 221 729; x_wconf 81' lang='lat'><strong>48,</strong></span> <span class='ocrx_word' id='word_1_42' title='bbox 240 662 283 721; x_wconf 79' lang='grc'>01.</span> <span class='ocrx_word' id='word_1_43' title='bbox 318 667 411 734; x_wconf 70' lang='grc' dir='ltr'><strong>στίλβει</strong></span> <span class='ocrx_word' id='word_1_44' title='bbox 427 661 491 718; x_wconf 76' lang='grc' dir='ltr'><strong>κατὰ</strong></span> <span class='ocrx_word' id='word_1_45' title='bbox 507 664 570 735; x_wconf 66' lang='grc' dir='ltr'><strong>γῆν]</strong></span> <span class='ocrx_word' id='word_1_46' title='bbox 604 662 677 723; x_wconf 85' lang='lat' dir='ltr'><strong>Eur.</strong></span> <span class='ocrx_word' id='word_1_47' title='bbox 696 661 764 720; x_wconf 87' lang='lat' dir='ltr'><strong>Jon.</strong></span> <span class='ocrx_word' id='word_1_48' title='bbox 782 679 827 720; x_wconf 83' lang='lat' dir='ltr'><strong>vs.</strong></span> <span class='ocrx_word' id='word_1_49' title='bbox 845 666 886 727; x_wconf 77' lang='lat'><strong>83.</strong></span> <span class='ocrx_word' id='word_1_50' title='bbox 932 720 935 727; x_wconf 58' lang='grc'><strong>,</strong></span> 
     </span>
    </p>
   </div>
   <div class='ocr_carea' id='block_1_4' title="bbox 120 776 871 1003">
    <p class='ocr_par' dir='ltr' id='par_1_4' title="bbox 120 776 871 1003">
     <span class='ocr_line' id='line_1_6' title="bbox 391 776 858 852; baseline -0.002 -18"><span class='ocrx_word' id='word_1_51' title='bbox 391 779 459 849; x_wconf 75' lang='grc' dir='ltr'><strong><em>ἥλιος</em></strong></span> <span class='ocrx_word' id='word_1_52' title='bbox 474 779 523 850; x_wconf 73' lang='grc' dir='ltr'><strong>ἤδη</strong></span> <span class='ocrx_word' id='word_1_53' title='bbox 540 776 661 852; x_wconf 73' lang='grc' dir='ltr'><strong><em>λάμπει</em></strong></span> <span class='ocrx_word' id='word_1_54' title='bbox 678 780 757 835; x_wconf 79' lang='grc' dir='ltr'><strong><em>κατὰ</em></strong></span> <span class='ocrx_word' id='word_1_55' title='bbox 774 780 858 850; x_wconf 68' lang='grc' dir='ltr'><strong>γῆμ’</strong></span> 
     </span>
     <span class='ocr_line' id='line_1_7' title="bbox 120 922 871 1003; baseline 0.003 -17"><span class='ocrx_word' id='word_1_56' title='bbox 120 946 150 1002; x_wconf 91' lang='lat' dir='ltr'><strong>p.</strong></span> <span class='ocrx_word' id='word_1_57' title='bbox 169 931 218 997; x_wconf 88' lang='grc'><strong>50,</strong></span> <span class='ocrx_word' id='word_1_58' title='bbox 236 936 264 989; x_wconf 90' lang='grc'><strong>1.</strong></span> <span class='ocrx_word' id='word_1_59' title='bbox 296 927 418 1003; x_wconf 76' lang='grc' dir='ltr'><strong><em>ὅἝηως]</em></strong></span> <span class='ocrx_word' id='word_1_60' title='bbox 452 929 620 986; x_wconf 82' lang='lat' dir='ltr'><strong>Articulum</strong></span> <span class='ocrx_word' id='word_1_61' title='bbox 637 929 732 1001; x_wconf 85' lang='lat' dir='ltr'><strong>adjeci</strong></span> <span class='ocrx_word' id='word_1_62' title='bbox 750 946 765 984; x_wconf 90' lang='lat' dir='ltr'><strong>e</strong></span> <span class='ocrx_word' id='word_1_63' title='bbox 782 922 818 988; x_wconf 88' lang='grc' dir='ltr'><strong>Β.</strong></span> <span class='ocrx_word' id='word_1_64' title='bbox 836 928 871 989; x_wconf 87' lang='grc' dir='ltr'><strong>Ε.</strong></span> 
     </span>
    </p>
   </div>
   <div class='ocr_carea' id='block_1_5' title="bbox 53 1069 1341 1988">
    <p class='ocr_par' dir='ltr' id='par_1_5' title="bbox 53 1069 1341 1988">
     <span class='ocr_line' id='line_1_8' title="bbox 121 1069 1338 1154; baseline 0.001 -19"><span class='ocrx_word' id='word_1_65' title='bbox 121 1091 151 1151; x_wconf 85' lang='lat' dir='ltr'><strong>p.</strong></span> <span class='ocrx_word' id='word_1_66' title='bbox 170 1083 220 1145; x_wconf 89' lang='grc'><strong>50,</strong></span> <span class='ocrx_word' id='word_1_67' title='bbox 239 1074 275 1135; x_wconf 67' lang='grc'>3.</span> <span class='ocrx_word' id='word_1_68' title='bbox 298 1078 348 1133; x_wconf 71' lang='grc' dir='ltr'><strong>τῶν</strong></span> <span class='ocrx_word' id='word_1_69' title='bbox 364 1086 500 1151; x_wconf 70' lang='grc' dir='ltr'><em>γενομένων</em></span> <span class='ocrx_word' id='word_1_70' title='bbox 517 1069 660 1146; x_wconf 58' lang='lat' dir='ltr'><strong>{ruodilo}</strong></span> <span class='ocrx_word' id='word_1_71' title='bbox 682 1076 832 1135; x_wconf 76' lang='lat' dir='ltr'><strong>Sententia</strong></span> <span class='ocrx_word' id='word_1_72' title='bbox 853 1076 967 1154; x_wconf 73' lang='lat' dir='ltr'><strong>flagilat</strong></span> <span class='ocrx_word' id='word_1_73' title='bbox 988 1081 1053 1145; x_wconf 77' lang='lat' dir='ltr'><strong>luel,</strong></span> <span class='ocrx_word' id='word_1_74' title='bbox 1084 1074 1145 1147; x_wconf 73' lang='lat' dir='ltr'><strong>lli,</strong></span> <span class='ocrx_word' id='word_1_75' title='bbox 1176 1080 1207 1135; x_wconf 81' lang='lat' dir='ltr'><strong>in</strong></span> <span class='ocrx_word' id='word_1_76' title='bbox 1230 1080 1338 1136; x_wconf 82' lang='lat' dir='ltr'><strong>mundo</strong></span> 
     </span>
     <span class='ocr_line' id='line_1_9' title="bbox 54 1162 1339 1247; baseline 0.002 -23"><span class='ocrx_word' id='word_1_77' title='bbox 54 1162 257 1239; x_wconf 78' lang='lat' dir='ltr'><strong>intellectuali,</strong></span> <span class='ocrx_word' id='word_1_78' title='bbox 277 1182 328 1226; x_wconf 82' lang='lat' dir='ltr'><strong>aut</strong></span> <span class='ocrx_word' id='word_1_79' title='bbox 347 1171 430 1226; x_wconf 82' lang='lat' dir='ltr'><strong>deest</strong></span> <span class='ocrx_word' id='word_1_80' title='bbox 447 1171 571 1247; x_wconf 81' lang='lat' dir='ltr'><strong>aliquid,</strong></span> <span class='ocrx_word' id='word_1_81' title='bbox 597 1192 627 1231; x_wconf 86' lang='lat' dir='ltr'><strong>v.</strong></span> <span class='ocrx_word' id='word_1_82' title='bbox 643 1191 669 1227; x_wconf 91' lang='lat' dir='ltr'><strong>c.</strong></span> <span class='ocrx_word' id='word_1_83' title='bbox 687 1172 736 1226; x_wconf 76' lang='grc' dir='ltr'><strong>τῶν</strong></span> <span class='ocrx_word' id='word_1_84' title='bbox 752 1179 815 1238; x_wconf 71' lang='lat' dir='ltr'><strong>iret,</strong></span> <span class='ocrx_word' id='word_1_85' title='bbox 844 1181 980 1244; x_wconf 72' lang='grc' dir='ltr'><strong><em>γενομένων</em></strong></span> <span class='ocrx_word' id='word_1_86' title='bbox 1004 1170 1075 1245; x_wconf 74' lang='grc' dir='ltr'><strong><em>ἡμῶν</em></strong></span> <span class='ocrx_word' id='word_1_87' title='bbox 1095 1173 1212 1229; x_wconf 66' lang='grc' dir='ltr'><strong><em>ἐνταῦθα</em></strong></span> <span class='ocrx_word' id='word_1_88' title='bbox 1226 1204 1261 1217; x_wconf 94' lang='grc'><strong>-</strong></span> <span class='ocrx_word' id='word_1_89' title='bbox 1278 1193 1339 1228; x_wconf 88' lang='lat' dir='ltr'><strong>me-</strong></span> 
     </span>
     <span class='ocr_line' id='line_1_10' title="bbox 54 1264 1341 1339; baseline 0.001 -21"><span class='ocrx_word' id='word_1_90' title='bbox 54 1264 188 1319; x_wconf 86' lang='lat' dir='ltr'><strong>moriam</strong></span> <span class='ocrx_word' id='word_1_91' title='bbox 210 1285 310 1320; x_wconf 81' lang='lat' dir='ltr'><strong>rerum</strong></span> <span class='ocrx_word' id='word_1_92' title='bbox 331 1264 377 1320; x_wconf 78' lang='lat' dir='ltr'><strong>iti</strong></span> <span class='ocrx_word' id='word_1_93' title='bbox 395 1265 628 1336; x_wconf 77' lang='lat' dir='ltr'><strong>contingentium</strong></span> <span class='ocrx_word' id='word_1_94' title='bbox 648 1267 763 1320; x_wconf 74' lang='lat' dir='ltr'><strong>excutit</strong></span> <span class='ocrx_word' id='word_1_95' title='bbox 786 1264 871 1321; x_wconf 77' lang='lat' dir='ltr'><strong>uobis</strong></span> <span class='ocrx_word' id='word_1_96' title='bbox 901 1266 957 1321; x_wconf 78' lang='lat' dir='ltr'><strong>leuc</strong></span> <span class='ocrx_word' id='word_1_97' title='bbox 986 1264 1095 1321; x_wconf 82' lang='lat' dir='ltr'><strong>delatis</strong></span> <span class='ocrx_word' id='word_1_98' title='bbox 1122 1279 1150 1319; x_wconf 85' lang='lat' dir='ltr'><strong>et</strong></span> <span class='ocrx_word' id='word_1_99' title='bbox 1176 1265 1211 1318; x_wconf 85' lang='lat' dir='ltr'><strong>de</strong></span> <span class='ocrx_word' id='word_1_100' title='bbox 1234 1265 1341 1339; x_wconf 86' lang='lat' dir='ltr'><strong>priore</strong></span> 
     </span>
     <span class='ocr_line' id='line_1_11' title="bbox 54 1354 1340 1433; baseline 0.002 -24"><span class='ocrx_word' id='word_1_101' title='bbox 54 1369 137 1410; x_wconf 84' lang='lat' dir='ltr'><strong>statu</strong></span> <span class='ocrx_word' id='word_1_102' title='bbox 159 1355 293 1433; x_wconf 83' lang='lat' dir='ltr'><strong>dejectis.</strong></span> <span class='ocrx_word' id='word_1_103' title='bbox 330 1354 523 1414; x_wconf 77' lang='lat' dir='ltr'><strong>uutsulus.</strong></span> <span class='ocrx_word' id='word_1_104' title='bbox 557 1357 625 1413; x_wconf 91' lang='lat' dir='ltr'><strong>Nou</strong></span> <span class='ocrx_word' id='word_1_105' title='bbox 643 1359 799 1417; x_wconf 83' lang='lat' dir='ltr'><strong>assentior.</strong></span> <span class='ocrx_word' id='word_1_106' title='bbox 833 1355 923 1423; x_wconf 86' lang='lat' dir='ltr'><strong>Recte</strong></span> <span class='ocrx_word' id='word_1_107' title='bbox 941 1356 1099 1430; x_wconf 84' lang='lat' dir='ltr'><strong>Wyttenb.</strong></span> <span class='ocrx_word' id='word_1_108' title='bbox 1117 1361 1340 1431; x_wconf 82' lang='lat' dir='ltr'><strong>interpretatus:</strong></span> 
     </span>
     <span class='ocr_line' id='line_1_12' title="bbox 54 1447 1340 1524; baseline 0.002 -23"><span class='ocrx_word' id='word_1_109' title='bbox 54 1447 101 1502; x_wconf 81' lang='lat' dir='ltr'><strong>ira</strong></span> <span class='ocrx_word' id='word_1_110' title='bbox 118 1449 309 1518; x_wconf 64' lang='lat' dir='ltr'><strong>armorum,</strong></span> <span class='ocrx_word' id='word_1_111' title='bbox 327 1449 379 1524; x_wconf 81' lang='lat' dir='ltr'><strong>qui</strong></span> <span class='ocrx_word' id='word_1_112' title='bbox 396 1469 435 1505; x_wconf 78' lang='lat' dir='ltr'><strong>eor</strong></span> <span class='ocrx_word' id='word_1_113' title='bbox 453 1448 507 1505; x_wconf 83' lang='lat' dir='ltr'><strong>itta</strong></span> <span class='ocrx_word' id='word_1_114' title='bbox 525 1450 558 1506; x_wconf 83' lang='lat' dir='ltr'><strong>in</strong></span> <span class='ocrx_word' id='word_1_115' title='bbox 574 1451 652 1523; x_wconf 79' lang='lat' dir='ltr'><strong>ituree</strong></span> <span class='ocrx_word' id='word_1_116' title='bbox 666 1451 761 1506; x_wconf 85' lang='lat' dir='ltr'><strong>vitam</strong></span> <span class='ocrx_word' id='word_1_117' title='bbox 781 1450 901 1506; x_wconf 84' lang='lat' dir='ltr'><strong>ueniunt</strong></span> <span class='ocrx_word' id='word_1_118' title='bbox 918 1468 955 1506; x_wconf 85' lang='lat' dir='ltr'><strong>nc</strong></span> <span class='ocrx_word' id='word_1_119' title='bbox 972 1464 1142 1517; x_wconf 76' lang='lat' dir='ltr'><strong>mutaretur,</strong></span> <span class='ocrx_word' id='word_1_120' title='bbox 1160 1451 1340 1506; x_wconf 83' lang='lat' dir='ltr'><strong>memoriam</strong></span> 
     </span>
     <span class='ocr_line' id='line_1_13' title="bbox 53 1540 1340 1617; baseline 0.004 -24"><span class='ocrx_word' id='word_1_121' title='bbox 53 1540 214 1613; x_wconf 78' lang='lat' dir='ltr'><strong>percellere</strong></span> <span class='ocrx_word' id='word_1_122' title='bbox 231 1541 284 1598; x_wconf 85' lang='lat' dir='ltr'><strong>Sot</strong></span> <span class='ocrx_word' id='word_1_123' title='bbox 299 1557 327 1597; x_wconf 86' lang='lat' dir='ltr'><strong>et</strong></span> <span class='ocrx_word' id='word_1_124' title='bbox 346 1541 466 1614; x_wconf 79' lang='lat' dir='ltr'><strong>inficere</strong></span> <span class='ocrx_word' id='word_1_125' title='bbox 486 1543 561 1598; x_wconf 78' lang='lat' dir='ltr'><strong>solet</strong></span> <span class='ocrx_word' id='word_1_126' title='bbox 577 1542 821 1614; x_wconf 70' lang='lat' dir='ltr'><strong>intelligentiam,</strong></span> <span class='ocrx_word' id='word_1_127' title='bbox 848 1561 916 1599; x_wconf 85' lang='lat' dir='ltr'><strong>cum</strong></span> <span class='ocrx_word' id='word_1_128' title='bbox 936 1542 972 1598; x_wconf 79' lang='lat' dir='ltr'><strong>ol)</strong></span> <span class='ocrx_word' id='word_1_129' title='bbox 995 1542 1175 1617; x_wconf 82' lang='lat' dir='ltr'><strong>voluptatem</strong></span> <span class='ocrx_word' id='word_1_130' title='bbox 1192 1557 1220 1597; x_wconf 87' lang='lat' dir='ltr'><strong>et</strong></span> <span class='ocrx_word' id='word_1_131' title='bbox 1237 1541 1340 1606; x_wconf 75' lang='lat' dir='ltr'><strong>admi·</strong></span> 
     </span>
     <span class='ocr_line' id='line_1_14' title="bbox 55 1633 1341 1710; baseline 0.001 -23"><span class='ocrx_word' id='word_1_132' title='bbox 55 1633 206 1689; x_wconf 82' lang='lat' dir='ltr'><strong>rationem</strong></span> <span class='ocrx_word' id='word_1_133' title='bbox 222 1633 343 1690; x_wconf 86' lang='lat' dir='ltr'><strong>illorum</strong></span> <span class='ocrx_word' id='word_1_134' title='bbox 360 1634 583 1709; x_wconf 71' lang='lat' dir='ltr'><strong>obliviscuntur.</strong></span> <span class='ocrx_word' id='word_1_135' title='bbox 619 1635 730 1691; x_wconf 76' lang='lat' dir='ltr'><strong>Reislrii</strong></span> <span class='ocrx_word' id='word_1_136' title='bbox 746 1653 829 1690; x_wconf 90' lang='lat' dir='ltr'><strong>error</strong></span> <span class='ocrx_word' id='word_1_137' title='bbox 844 1634 912 1690; x_wconf 92' lang='lat' dir='ltr'><strong>iude</strong></span> <span class='ocrx_word' id='word_1_138' title='bbox 927 1646 1028 1702; x_wconf 85' lang='lat' dir='ltr'><strong>natus,</strong></span> <span class='ocrx_word' id='word_1_139' title='bbox 1048 1635 1126 1710; x_wconf 87' lang='lat' dir='ltr'><strong>quod</strong></span> <span class='ocrx_word' id='word_1_140' title='bbox 1144 1642 1223 1691; x_wconf 69' lang='grc' dir='ltr'><strong><em>ἐκεῖνα</em></strong></span> <span class='ocrx_word' id='word_1_141' title='bbox 1239 1635 1341 1689; x_wconf 89' lang='lat' dir='ltr'><strong>nesei-</strong></span> 
     </span>
     <span class='ocr_line' id='line_1_15' title="bbox 56 1726 1340 1802; baseline 0.001 -21"><span class='ocrx_word' id='word_1_142' title='bbox 56 1727 115 1790; x_wconf 86' lang='lat' dir='ltr'><strong>vit,</strong></span> <span class='ocrx_word' id='word_1_143' title='bbox 141 1741 198 1800; x_wconf 87' lang='lat' dir='ltr'><strong>quo</strong></span> <span class='ocrx_word' id='word_1_144' title='bbox 214 1726 347 1786; x_wconf 78' lang='lat' dir='ltr'><strong>referret.</strong></span> <span class='ocrx_word' id='word_1_145' title='bbox 367 1726 442 1784; x_wconf 86' lang='lat' dir='ltr'><strong>¹Sed</strong></span> <span class='ocrx_word' id='word_1_146' title='bbox 463 1734 542 1783; x_wconf 71' lang='grc' dir='ltr'><strong><em>ἐκεῖνα</em></strong></span> <span class='ocrx_word' id='word_1_147' title='bbox 562 1729 590 1783; x_wconf 87' lang='lat' dir='ltr'><strong>h.</strong></span> <span class='ocrx_word' id='word_1_148' title='bbox 608 1727 630 1787; x_wconf 90' lang='lat' dir='ltr'><strong>l.</strong></span> <span class='ocrx_word' id='word_1_149' title='bbox 657 1739 725 1783; x_wconf 90' lang='lat' dir='ltr'><strong>sunt</strong></span> <span class='ocrx_word' id='word_1_150' title='bbox 748 1746 794 1792; x_wconf 83' lang='lat' dir='ltr'><strong>ea,</strong></span> <span class='ocrx_word' id='word_1_151' title='bbox 823 1747 898 1802; x_wconf 82' lang='lat' dir='ltr'><strong>quae</strong></span> <span class='ocrx_word' id='word_1_152' title='bbox 922 1727 1009 1784; x_wconf 82' lang='lat' dir='ltr'><strong>nobie</strong></span> <span class='ocrx_word' id='word_1_153' title='bbox 1028 1727 1200 1783; x_wconf 74' lang='lat' dir='ltr'><strong>acciderunt</strong></span> <span class='ocrx_word' id='word_1_154' title='bbox 1217 1727 1251 1782; x_wconf 84' lang='lat' dir='ltr'><strong>in</strong></span> <span class='ocrx_word' id='word_1_155' title='bbox 1267 1727 1340 1800; x_wconf 79' lang='lat' dir='ltr'><strong>pri-</strong></span> 
     </span>
     <span class='ocr_line' id='line_1_16' title="bbox 55 1806 1337 1895; baseline 0.005 -24"><span class='ocrx_word' id='word_1_156' title='bbox 55 1819 138 1872; x_wconf 82' lang='lat' dir='ltr'><strong>stino</strong></span> <span class='ocrx_word' id='word_1_157' title='bbox 163 1818 350 1888; x_wconf 82' lang='lat' dir='ltr'><strong>conditione,</strong></span> <span class='ocrx_word' id='word_1_158' title='bbox 379 1839 454 1895; x_wconf 85' lang='lat' dir='ltr'><strong>quae</strong></span> <span class='ocrx_word' id='word_1_159' title='bbox 475 1820 628 1886; x_wconf 83' lang='lat' dir='ltr'><strong>uidimus,</strong></span> <span class='ocrx_word' id='word_1_160' title='bbox 656 1821 837 1895; x_wconf 69' lang='lat' dir='ltr'><strong>priusquam</strong></span> <span class='ocrx_word' id='word_1_161' title='bbox 863 1806 920 1877; x_wconf 72' lang='lat' dir='ltr'><strong>tio&#39;c·</strong></span> <span class='ocrx_word' id='word_1_162' title='bbox 944 1839 1068 1895; x_wconf 87' lang='lat' dir='ltr'><strong>corpore</strong></span> <span class='ocrx_word' id='word_1_163' title='bbox 1087 1819 1197 1876; x_wconf 83' lang='lat' dir='ltr'><strong>inclusi</strong></span> <span class='ocrx_word' id='word_1_164' title='bbox 1219 1838 1337 1889; x_wconf 78' lang='lat' dir='ltr'><strong>sumus.</strong></span> 
     </span>
     <span class='ocr_line' id='line_1_17' title="bbox 56 1910 1227 1988; baseline 0.005 -23"><span class='ocrx_word' id='word_1_165' title='bbox 56 1921 89 1966; x_wconf 91' lang='lat' dir='ltr'><strong>ut</strong></span> <span class='ocrx_word' id='word_1_166' title='bbox 105 1912 186 1966; x_wconf 78' lang='grc' dir='ltr'><strong><em>ταῦτα</em></strong></span> <span class='ocrx_word' id='word_1_167' title='bbox 203 1923 306 1979; x_wconf 80' lang='lat' dir='ltr'><strong>erant,</strong></span> <span class='ocrx_word' id='word_1_168' title='bbox 324 1932 399 1988; x_wconf 80' lang='lat' dir='ltr'><strong>quoe</strong></span> <span class='ocrx_word' id='word_1_169' title='bbox 416 1910 511 1969; x_wconf 82' lang='lat' dir='ltr'><strong>oculis</strong></span> <span class='ocrx_word' id='word_1_170' title='bbox 531 1913 646 1969; x_wconf 79' lang='lat' dir='ltr'><strong>uostris</strong></span> <span class='ocrx_word' id='word_1_171' title='bbox 664 1913 829 1978; x_wconf 75' lang='lat' dir='ltr'><strong>ceruimus,</strong></span> <span class='ocrx_word' id='word_1_172' title='bbox 845 1932 893 1968; x_wconf 82' lang='lat' dir='ltr'><strong>res</strong></span> <span class='ocrx_word' id='word_1_173' title='bbox 912 1913 1048 1969; x_wconf 82' lang='lat' dir='ltr'><strong>sensibus</strong></span> <span class='ocrx_word' id='word_1_174' title='bbox 1069 1913 1227 1988; x_wconf 80' lang='lat' dir='ltr'><strong>subjectae.</strong></span> 
     </span>
    </p>
   </div>
   <div class='ocr_carea' id='block_1_6' title="bbox 123 2058 1032 2142">
    <p class='ocr_par' dir='ltr' id='par_1_6' title="bbox 123 2058 1032 2142">
     <span class='ocr_line' id='line_1_18' title="bbox 123 2058 1032 2142; baseline 0.001 -28"><span class='ocrx_word' id='word_1_175' title='bbox 123 2080 156 2132; x_wconf 91' lang='lat' dir='ltr'><strong>p.</strong></span> <span class='ocrx_word' id='word_1_176' title='bbox 170 2065 221 2128; x_wconf 94' lang='grc'><strong>50,</strong></span> <span class='ocrx_word' id='word_1_177' title='bbox 238 2068 279 2120; x_wconf 81' lang='grc'>4.“</span> <span class='ocrx_word' id='word_1_178' title='bbox 300 2058 513 2142; x_wconf 65' lang='grc' dir='ltr'><strong>μὲὶαβολὸντων]</strong></span> <span class='ocrx_word' id='word_1_179' title='bbox 547 2058 803 2130; x_wconf 73' lang='grc' dir='ltr'><strong>μεταβαλλόντοννΒ.</strong></span> <span class='ocrx_word' id='word_1_180' title='bbox 823 2060 857 2115; x_wconf 93' lang='grc' dir='ltr'><strong>Ε.</strong></span> <span class='ocrx_word' id='word_1_181' title='bbox 876 2060 944 2116; x_wconf 86' lang='lat' dir='ltr'><strong>Ald.</strong></span> <span class='ocrx_word' id='word_1_182' title='bbox 963 2060 1032 2118; x_wconf 80' lang='lat' dir='ltr'><strong>Bas.</strong></span> 
     </span>
    </p>
   </div>
   <div class='ocr_carea' id='block_1_7' title="bbox 57 2203 1339 2376">
    <p class='ocr_par' dir='ltr' id='par_1_7' title="bbox 57 2203 1339 2374">
     <span class='ocr_line' id='line_1_19' title="bbox 124 2203 1339 2284; baseline -0.006 -17"><span class='ocrx_word' id='word_1_183' title='bbox 124 2226 153 2284; x_wconf 87' lang='lat' dir='ltr'><strong>p.</strong></span> <span class='ocrx_word' id='word_1_184' title='bbox 172 2214 222 2277; x_wconf 93' lang='grc'><strong>50,</strong></span> <span class='ocrx_word' id='word_1_185' title='bbox 240 2214 266 2267; x_wconf 91' lang='grc'>5.</span> <span class='ocrx_word' id='word_1_186' title='bbox 300 2205 344 2280; x_wconf 79' lang='grc' dir='ltr'><strong>0’φ</strong></span> <span class='ocrx_word' id='word_1_187' title='bbox 369 2203 462 2278; x_wconf 68' lang='grc' dir='ltr'><strong><em>ἡδονῆς</em></strong></span> <span class='ocrx_word' id='word_1_188' title='bbox 485 2213 528 2264; x_wconf 72' lang='grc' dir='ltr'><strong>καὶ</strong></span> <span class='ocrx_word' id='word_1_189' title='bbox 554 2207 706 2278; x_wconf 74' lang='grc' dir='ltr'><strong><em>θαύματος]</em></strong></span> <span class='ocrx_word' id='word_1_190' title='bbox 750 2207 1021 2282; x_wconf 67' lang='grc' dir='ltr'>101111Ρ.765]).</span> <span class='ocrx_word' id='word_1_191' title='bbox 1064 2204 1113 2278; x_wconf 72' lang='lat' dir='ltr'><strong>rip</strong></span> <span class='ocrx_word' id='word_1_192' title='bbox 1141 2205 1260 2278; x_wconf 75' lang='grc' dir='ltr'><strong><em>ηδονῆς</em></strong></span> <span class='ocrx_word' id='word_1_193' title='bbox 1285 2213 1339 2263; x_wconf 74' lang='lat' dir='ltr'><strong>nol</strong></span> 
     </span>
     <span class='ocr_line' id='line_1_20' title="bbox 57 2299 1184 2376; baseline -0.003 -19"><span class='ocrx_word' id='word_1_194' title='bbox 57 2301 238 2374; x_wconf 75' lang='grc' dir='ltr'><strong><em>θαύματος</em></strong></span> <span class='ocrx_word' id='word_1_195' title='bbox 252 2303 432 2365; x_wconf 69' lang='grc' dir='ltr'><strong><em>ἔνθοῡονῶντες</em></strong></span> <span class='ocrx_word' id='word_1_196' title='bbox 447 2330 481 2347; x_wconf 90' lang='grc'><strong>·-</strong></span> <span class='ocrx_word' id='word_1_197' title='bbox 496 2299 688 2358; x_wconf 71' lang='grc' dir='ltr'>εὐπαθοῦσι</span> <span class='ocrx_word' id='word_1_198' title='bbox 662 2299 694 2376; x_wconf 74' lang='grc' dir='ltr'><strong>τῇ</strong></span> <span class='ocrx_word' id='word_1_199' title='bbox 710 2299 803 2374; x_wconf 73' lang='grc' dir='ltr'><strong><em>μνήμη.</em></strong></span> <span class='ocrx_word' id='word_1_200' title='bbox 866 2308 868 2313; x_wconf 59' lang='lat'><strong><em>⁴</em></strong></span> <span class='ocrx_word' id='word_1_201' title='bbox 1181 2330 1184 2339; x_wconf 89' lang='lat'>·</span> 
     </span>
    </p>
   </div>
   <div class='ocr_carea' id='block_1_8' title="bbox 124 2426 1408 2526">
    <p class='ocr_par' dir='ltr' id='par_1_8' title="bbox 124 2426 1408 2526">
     <span class='ocr_line' id='line_1_21' title="bbox 124 2426 1408 2526; baseline -0.001 -19"><span class='ocrx_word' id='word_1_202' title='bbox 124 2454 220 2525; x_wconf 86' lang='lat' dir='ltr'><strong>p.50,</strong></span> <span class='ocrx_word' id='word_1_203' title='bbox 238 2459 266 2509; x_wconf 94' lang='lat'><strong>6.</strong></span> <span class='ocrx_word' id='word_1_204' title='bbox 301 2457 384 2506; x_wconf 65' lang='lat' dir='ltr'><strong>noun</strong></span> <span class='ocrx_word' id='word_1_205' title='bbox 404 2449 433 2506; x_wconf 77' lang='grc' dir='ltr'><strong>τό</strong></span> <span class='ocrx_word' id='word_1_206' title='bbox 448 2473 476 2521; x_wconf 76' lang='grc' dir='ltr'><strong>γε</strong></span> <span class='ocrx_word' id='word_1_207' title='bbox 493 2447 575 2521; x_wconf 77' lang='grc' dir='ltr'><strong>ὕπαρ]</strong></span> <span class='ocrx_word' id='word_1_208' title='bbox 609 2448 655 2507; x_wconf 81' lang='lat' dir='ltr'><strong>lta</strong></span> <span class='ocrx_word' id='word_1_209' title='bbox 675 2449 753 2507; x_wconf 88' lang='lat' dir='ltr'><strong>edidi</strong></span> <span class='ocrx_word' id='word_1_210' title='bbox 771 2444 861 2509; x_wconf 78' lang='lat' dir='ltr'><strong>exE.</strong></span> <span class='ocrx_word' id='word_1_211' title='bbox 894 2426 995 2526; x_wconf 81' lang='lat' dir='ltr'><strong>Vulgo</strong></span> <span class='ocrx_word' id='word_1_212' title='bbox 1013 2455 1137 2522; x_wconf 72' lang='grc' dir='ltr'><strong>καίτοιγε</strong></span> <span class='ocrx_word' id='word_1_213' title='bbox 1154 2449 1230 2526; x_wconf 73' lang='lat' dir='ltr'><strong>incip.</strong></span> <span class='ocrx_word' id='word_1_214' title='bbox 1301 2439 1303 2443; x_wconf 39' lang='grc'><strong>’</strong></span> <span class='ocrx_word' id='word_1_215' title='bbox 1405 2435 1408 2445; x_wconf 47' lang='grc'>’</span> 
     </span>
    </p>
   </div>
   <div class='ocr_carea' id='block_1_9' title="bbox 56 2598 1343 3156">
    <p class='ocr_par' dir='ltr' id='par_1_9' title="bbox 58 2598 1338 2769">
     <span class='ocr_line' id='line_1_22' title="bbox 125 2598 1338 2675; baseline 0 -17"><span class='ocrx_word' id='word_1_216' title='bbox 125 2618 156 2674; x_wconf 88' lang='lat' dir='ltr'><strong>p.</strong></span> <span class='ocrx_word' id='word_1_217' title='bbox 174 2605 221 2667; x_wconf 83' lang='grc'><strong>50,</strong></span> <span class='ocrx_word' id='word_1_218' title='bbox 240 2604 267 2662; x_wconf 88' lang='lat'><strong>6.</strong></span> <span class='ocrx_word' id='word_1_219' title='bbox 298 2601 461 2673; x_wconf 67' lang='grc' dir='ltr'><strong><em>τῆσψυχῆς]</em></strong></span> <span class='ocrx_word' id='word_1_220' title='bbox 496 2599 541 2658; x_wconf 84' lang='lat' dir='ltr'><strong>Ita</strong></span> <span class='ocrx_word' id='word_1_221' title='bbox 562 2598 715 2674; x_wconf 83' lang='lat' dir='ltr'><strong>Wyttenb.</strong></span> <span class='ocrx_word' id='word_1_222' title='bbox 734 2618 772 2656; x_wconf 83' lang='lat' dir='ltr'><strong>ex</strong></span> <span class='ocrx_word' id='word_1_223' title='bbox 789 2600 824 2657; x_wconf 93' lang='grc' dir='ltr'><strong>Ε.</strong></span> <span class='ocrx_word' id='word_1_224' title='bbox 844 2601 992 2675; x_wconf 82' lang='lat' dir='ltr'><strong>reposuit,</strong></span> <span class='ocrx_word' id='word_1_225' title='bbox 1017 2598 1069 2657; x_wconf 89' lang='lat' dir='ltr'><strong>sed</strong></span> <span class='ocrx_word' id='word_1_226' title='bbox 1087 2598 1180 2657; x_wconf 77' lang='lat' dir='ltr'><strong>nabet</strong></span> <span class='ocrx_word' id='word_1_227' title='bbox 1195 2604 1283 2658; x_wconf 82' lang='lat' dir='ltr'><strong>etiam</strong></span> <span class='ocrx_word' id='word_1_228' title='bbox 1301 2600 1338 2663; x_wconf 88' lang='lat' dir='ltr'><strong>B.</strong></span> 
     </span>
     <span class='ocr_line' id='line_1_23' title="bbox 58 2692 364 2769; baseline -0.007 -19"><span class='ocrx_word' id='word_1_229' title='bbox 58 2692 160 2769; x_wconf 81' lang='lat' dir='ltr'><strong>Vulgo</strong></span> <span class='ocrx_word' id='word_1_230' title='bbox 186 2702 248 2756; x_wconf 63' lang='grc' dir='ltr'><strong>τοῖς</strong></span> <span class='ocrx_word' id='word_1_231' title='bbox 262 2701 364 2765; x_wconf 76' lang='grc' dir='ltr'>ψυχαῖς.</span> 
     </span>
    </p>

    <p class='ocr_par' dir='ltr' id='par_1_10' title="bbox 56 2798 1343 3156">
     <span class='ocr_line' id='line_1_24' title="bbox 126 2798 1340 2875; baseline 0 -16"><span class='ocrx_word' id='word_1_232' title='bbox 126 2822 154 2875; x_wconf 92' lang='lat' dir='ltr'><strong>p.</strong></span> <span class='ocrx_word' id='word_1_233' title='bbox 172 2808 224 2867; x_wconf 80' lang='grc'><strong>50,</strong></span> <span class='ocrx_word' id='word_1_234' title='bbox 247 2811 273 2860; x_wconf 94' lang='grc'>7.</span> <span class='ocrx_word' id='word_1_235' title='bbox 308 2806 377 2872; x_wconf 71' lang='grc' dir='ltr'><strong><em>δευρὶ</em></strong></span> <span class='ocrx_word' id='word_1_236' title='bbox 401 2806 427 2859; x_wconf 75' lang='grc' dir='ltr'><strong>δὲ</strong></span> <span class='ocrx_word' id='word_1_237' title='bbox 447 2802 466 2848; x_wconf 75' lang='grc'>9</span> <span class='ocrx_word' id='word_1_238' title='bbox 486 2803 536 2858; x_wconf 74' lang='grc' dir='ltr'><strong>τῶν</strong></span> <span class='ocrx_word' id='word_1_239' title='bbox 559 2802 691 2867; x_wconf 71' lang='grc' dir='ltr'><strong><em>ἐνυπνίων]</em></strong></span> <span class='ocrx_word' id='word_1_240' title='bbox 726 2799 761 2856; x_wconf 89' lang='lat' dir='ltr'><strong>lu</strong></span> <span class='ocrx_word' id='word_1_241' title='bbox 789 2800 824 2859; x_wconf 88' lang='grc' dir='ltr'>Β.</span> <span class='ocrx_word' id='word_1_242' title='bbox 850 2801 886 2859; x_wconf 88' lang='grc' dir='ltr'>Ε.</span> <span class='ocrx_word' id='word_1_243' title='bbox 915 2801 1021 2863; x_wconf 74' lang='lat' dir='ltr'><strong>lacuna</strong></span> <span class='ocrx_word' id='word_1_244' title='bbox 1049 2820 1156 2859; x_wconf 82' lang='lat' dir='ltr'><strong>norem</strong></span> <span class='ocrx_word' id='word_1_245' title='bbox 1186 2798 1340 2859; x_wconf 82' lang='lat' dir='ltr'><strong>literarum</strong></span> 
     </span>
     <span class='ocr_line' id='line_1_25' title="bbox 58 2889 1341 2970; baseline -0.002 -19"><span class='ocrx_word' id='word_1_246' title='bbox 58 2913 162 2970; x_wconf 66' lang='lat' dir='ltr'><strong>capax.</strong></span> <span class='ocrx_word' id='word_1_247' title='bbox 183 2895 334 2952; x_wconf 85' lang='lat' dir='ltr'><strong>·lieiskius</strong></span> <span class='ocrx_word' id='word_1_248' title='bbox 351 2916 415 2952; x_wconf 85' lang='lat' dir='ltr'><strong>eum</strong></span> <span class='ocrx_word' id='word_1_249' title='bbox 433 2897 476 2952; x_wconf 89' lang='lat' dir='ltr'><strong>sic</strong></span> <span class='ocrx_word' id='word_1_250' title='bbox 492 2895 609 2969; x_wconf 86' lang='lat' dir='ltr'><strong>explere</strong></span> <span class='ocrx_word' id='word_1_251' title='bbox 628 2895 754 2950; x_wconf 86' lang='lat' dir='ltr'><strong>studuit=</strong></span> <span class='ocrx_word' id='word_1_252' title='bbox 773 2899 842 2966; x_wconf 77' lang='grc' dir='ltr'><strong><em>δευρὶ</em></strong></span> <span class='ocrx_word' id='word_1_253' title='bbox 859 2898 885 2949; x_wconf 73' lang='lat' dir='ltr'><strong>dt</strong></span> <span class='ocrx_word' id='word_1_254' title='bbox 901 2902 1020 2966; x_wconf 74' lang='grc' dir='ltr'><strong><em>γενομένη</em></strong></span> <span class='ocrx_word' id='word_1_255' title='bbox 1036 2889 1135 2966; x_wconf 75' lang='grc' dir='ltr'><em>ἡψυχὴ</em></span> <span class='ocrx_word' id='word_1_256' title='bbox 1150 2895 1201 2949; x_wconf 80' lang='grc' dir='ltr'><strong>τῶν</strong></span> <span class='ocrx_word' id='word_1_257' title='bbox 1213 2901 1341 2949; x_wconf 76' lang='grc' dir='ltr'><strong>Ιιῑννονίον.</strong></span> 
     </span>
     <span class='ocr_line' id='line_1_26' title="bbox 59 2983 1341 3062; baseline -0.003 -17"><span class='ocrx_word' id='word_1_258' title='bbox 59 2989 166 3045; x_wconf 80' lang='lat' dir='ltr'><strong>Melior</strong></span> <span class='ocrx_word' id='word_1_259' title='bbox 188 2986 342 3062; x_wconf 73' lang='lat' dir='ltr'><strong>Wyttenb.</strong></span> <span class='ocrx_word' id='word_1_260' title='bbox 366 2989 461 3043; x_wconf 75' lang='lat' dir='ltr'><strong>ratior</strong></span> <span class='ocrx_word' id='word_1_261' title='bbox 491 2993 561 3060; x_wconf 72' lang='grc' dir='ltr'><strong><em>δευρὶ</em></strong></span> <span class='ocrx_word' id='word_1_262' title='bbox 582 2992 609 3042; x_wconf 83' lang='lat' dir='ltr'><strong>di</strong></span> <span class='ocrx_word' id='word_1_263' title='bbox 631 2984 774 3058; x_wconf 61' lang='grc' dir='ltr'><strong><em>ἀφικομένη,</em></strong></span> <span class='ocrx_word' id='word_1_264' title='bbox 789 2983 852 3058; x_wconf 76' lang='grc' dir='ltr'><strong>ὄναρ</strong></span> <span class='ocrx_word' id='word_1_265' title='bbox 876 2994 945 3054; x_wconf 74' lang='grc' dir='ltr'><strong>ἐστι,</strong></span> <span class='ocrx_word' id='word_1_266' title='bbox 971 2995 998 3042; x_wconf 79' lang='grc' dir='ltr'><strong>έν</strong></span> <span class='ocrx_word' id='word_1_267' title='bbox 1017 2985 1036 3057; x_wconf 76' lang='grc' dir='ltr'><em>ᾦ</em></span> <span class='ocrx_word' id='word_1_268' title='bbox 1056 2984 1101 3042; x_wconf 75' lang='grc' dir='ltr'><strong>τὸν</strong></span> <span class='ocrx_word' id='word_1_269' title='bbox 1124 2985 1212 3056; x_wconf 77' lang='grc' dir='ltr'><strong>ἥλιον,</strong></span> <span class='ocrx_word' id='word_1_270' title='bbox 1236 2984 1269 3049; x_wconf 80' lang='grc' dir='ltr'><strong>ὦς</strong></span> <span class='ocrx_word' id='word_1_271' title='bbox 1291 2987 1341 3041; x_wconf 82' lang='grc' dir='ltr'><strong>τῶν</strong></span> 
     </span>
     <span class='ocr_line' id='line_1_27' title="bbox 56 3079 1343 3156; baseline -0.003 -19"><span class='ocrx_word' id='word_1_272' title='bbox 56 3080 345 3156; x_wconf 67' lang='grc' dir='ltr'><strong>ἐνυπνίων.·Εηιιὶάοοι</strong></span> <span class='ocrx_word' id='word_1_273' title='bbox 359 3080 459 3137; x_wconf 82' lang='lat' dir='ltr'><strong>meliro</strong></span> <span class='ocrx_word' id='word_1_274' title='bbox 473 3080 610 3137; x_wconf 82' lang='lat' dir='ltr'><strong>daninum</strong></span> <span class='ocrx_word' id='word_1_275' title='bbox 626 3081 787 3135; x_wconf 77' lang='lat' dir='ltr'><strong>sententiae</strong></span> <span class='ocrx_word' id='word_1_276' title='bbox 802 3079 914 3135; x_wconf 82' lang='lat' dir='ltr'><strong>illatum</strong></span> <span class='ocrx_word' id='word_1_277' title='bbox 928 3080 1076 3136; x_wconf 84' lang='lat' dir='ltr'><strong>resarcire</strong></span> <span class='ocrx_word' id='word_1_278' title='bbox 1094 3081 1149 3135; x_wconf 93' lang='lat' dir='ltr'><strong>hoc</strong></span> <span class='ocrx_word' id='word_1_279' title='bbox 1166 3080 1227 3137; x_wconf 86' lang='lat' dir='ltr'><strong>fere</strong></span> <span class='ocrx_word' id='word_1_280' title='bbox 1244 3079 1343 3134; x_wconf 79' lang='lat' dir='ltr'><strong>niodo:</strong></span> 
     </span>
    </p>
   </div>
   <div class='ocr_carea' id='block_1_10' title="bbox 60 3172 1342 3249">
    <p class='ocr_par' dir='ltr' id='par_1_11' title="bbox 60 3172 1342 3249">
     <span class='ocr_line' id='line_1_28' title="bbox 60 3172 1342 3249; baseline 0.001 -22"><span class='ocrx_word' id='word_1_281' title='bbox 60 3176 130 3245; x_wconf 71' lang='grc' dir='ltr'><strong><em>δευρὶ</em></strong></span> <span class='ocrx_word' id='word_1_282' title='bbox 151 3177 179 3228; x_wconf 69' lang='lat' dir='ltr'><strong>dd</strong></span> <span class='ocrx_word' id='word_1_283' title='bbox 196 3181 311 3245; x_wconf 61' lang='grc' dir='ltr'><strong><em>γενομένη</em></strong></span> <span class='ocrx_word' id='word_1_284' title='bbox 328 3172 388 3248; x_wconf 81' lang='grc' dir='ltr'><strong><em>ὄναρ</em></strong></span> <span class='ocrx_word' id='word_1_285' title='bbox 407 3176 457 3228; x_wconf 81' lang='grc' dir='ltr'><strong>τῶν</strong></span> <span class='ocrx_word' id='word_1_286' title='bbox 474 3178 591 3230; x_wconf 71' lang='grc' dir='ltr'><strong><em>ἐνυπνίων</em></strong></span> <span class='ocrx_word' id='word_1_287' title='bbox 611 3204 657 3230; x_wconf 90' lang='lat'><strong>·-.</strong></span> <span class='ocrx_word' id='word_1_288' title='bbox 684 3172 746 3245; x_wconf 82' lang='grc' dir='ltr'><strong><em>ὄναρ</em></strong></span> <span class='ocrx_word' id='word_1_289' title='bbox 763 3183 793 3228; x_wconf 86' lang='lat' dir='ltr'><strong>et</strong></span> <span class='ocrx_word' id='word_1_290' title='bbox 810 3173 877 3246; x_wconf 77' lang='grc' dir='ltr'><strong>ὕπαρ</strong></span> <span class='ocrx_word' id='word_1_291' title='bbox 897 3174 1134 3249; x_wconf 83' lang='lat' dir='ltr'><strong>frequentissime</strong></span> <span class='ocrx_word' id='word_1_292' title='bbox 1153 3181 1342 3246; x_wconf 79' lang='lat' dir='ltr'><strong>opponuntur</strong></span> 
     </span>
    </p>
   </div>
   <div class='ocr_carea' id='block_1_11' title="bbox 59 3264 1426 3618">
    <p class='ocr_par' dir='ltr' id='par_1_12' title="bbox 59 3264 1426 3618">
     <span class='ocr_line' id='line_1_29' title="bbox 60 3264 1422 3356; baseline 0 -36"><span class='ocrx_word' id='word_1_293' title='bbox 60 3265 136 3331; x_wconf 92' lang='lat' dir='ltr'><strong>sihi,</strong></span> <span class='ocrx_word' id='word_1_294' title='bbox 154 3284 182 3324; x_wconf 86' lang='lat' dir='ltr'><strong>v.</strong></span> <span class='ocrx_word' id='word_1_295' title='bbox 205 3284 231 3323; x_wconf 94' lang='lat' dir='ltr'><strong>e.</strong></span> <span class='ocrx_word' id='word_1_296' title='bbox 253 3265 333 3344; x_wconf 66' lang='lat' dir='ltr'><strong>etat„</strong></span> <span class='ocrx_word' id='word_1_297' title='bbox 352 3266 387 3323; x_wconf 91' lang='lat' dir='ltr'><strong>de</strong></span> <span class='ocrx_word' id='word_1_298' title='bbox 409 3284 473 3340; x_wconf 91' lang='lat' dir='ltr'><strong>rep.</strong></span> <span class='ocrx_word' id='word_1_299' title='bbox 485 3267 522 3326; x_wconf 85' lang='lat' dir='ltr'><strong>V.</strong></span> <span class='ocrx_word' id='word_1_300' title='bbox 543 3286 571 3333; x_wconf 87' lang='lat' dir='ltr'><strong>p.</strong></span> <span class='ocrx_word' id='word_1_301' title='bbox 584 3274 635 3325; x_wconf 86' lang='grc'><strong>476</strong></span> <span class='ocrx_word' id='word_1_302' title='bbox 655 3268 685 3323; x_wconf 90' lang='lat' dir='ltr'><strong>C.</strong></span> <span class='ocrx_word' id='word_1_303' title='bbox 704 3267 742 3326; x_wconf 91' lang='lat' dir='ltr'><strong>D.</strong></span> <span class='ocrx_word' id='word_1_304' title='bbox 759 3265 831 3324; x_wconf 92' lang='lat' dir='ltr'><strong>VII.</strong></span> <span class='ocrx_word' id='word_1_305' title='bbox 850 3285 878 3340; x_wconf 83' lang='lat' dir='ltr'><strong>p·</strong></span> <span class='ocrx_word' id='word_1_306' title='bbox 890 3272 940 3325; x_wconf 80' lang='grc'><strong>520</strong></span> <span class='ocrx_word' id='word_1_307' title='bbox 958 3266 990 3324; x_wconf 90' lang='lat' dir='ltr'><strong>C.</strong></span> <span class='ocrx_word' id='word_1_308' title='bbox 1014 3264 1067 3323; x_wconf 89' lang='lat' dir='ltr'><strong>IX.</strong></span> <span class='ocrx_word' id='word_1_309' title='bbox 1086 3284 1115 3339; x_wconf 91' lang='lat' dir='ltr'><strong>p.</strong></span> <span class='ocrx_word' id='word_1_310' title='bbox 1134 3267 1184 3321; x_wconf 75' lang='grc'><strong>574</strong></span> <span class='ocrx_word' id='word_1_311' title='bbox 1201 3264 1238 3323; x_wconf 90' lang='lat' dir='ltr'><strong>D.</strong></span> <span class='ocrx_word' id='word_1_312' title='bbox 1257 3265 1292 3325; x_wconf 88' lang='lat' dir='ltr'><strong>E.</strong></span> <span class='ocrx_word' id='word_1_313' title='bbox 1310 3284 1341 3338; x_wconf 93' lang='lat' dir='ltr'><strong>p.</strong></span> <span class='ocrx_word' id='word_1_314' title='bbox 1413 3336 1422 3356; x_wconf 35' lang='grc' dir='ltr'><strong><em>ο</em></strong></span> 
     </span>
     <span class='ocr_line' id='line_1_30' title="bbox 60 3355 1426 3434; baseline -0.001 -20"><span class='ocrx_word' id='word_1_315' title='bbox 60 3364 111 3416; x_wconf 83' lang='grc'><strong>576</strong></span> <span class='ocrx_word' id='word_1_316' title='bbox 128 3355 161 3412; x_wconf 89' lang='grc' dir='ltr'><strong>Β.</strong></span> <span class='ocrx_word' id='word_1_317' title='bbox 194 3356 311 3416; x_wconf 88' lang='lat' dir='ltr'><strong>Politic.</strong></span> <span class='ocrx_word' id='word_1_318' title='bbox 338 3377 367 3430; x_wconf 89' lang='lat' dir='ltr'><strong>p.</strong></span> <span class='ocrx_word' id='word_1_319' title='bbox 387 3365 437 3417; x_wconf 72' lang='grc'><strong>277</strong></span> <span class='ocrx_word' id='word_1_320' title='bbox 455 3359 492 3418; x_wconf 93' lang='lat' dir='ltr'><strong>D.</strong></span> <span class='ocrx_word' id='word_1_321' title='bbox 521 3379 550 3434; x_wconf 88' lang='lat' dir='ltr'><strong>p.</strong></span> <span class='ocrx_word' id='word_1_322' title='bbox 568 3365 618 3417; x_wconf 76' lang='grc'><strong>278</strong></span> <span class='ocrx_word' id='word_1_323' title='bbox 634 3359 668 3416; x_wconf 89' lang='grc' dir='ltr'><strong>Ε.</strong></span> <span class='ocrx_word' id='word_1_324' title='bbox 695 3359 729 3415; x_wconf 91' lang='lat' dir='ltr'><strong>de</strong></span> <span class='ocrx_word' id='word_1_325' title='bbox 746 3359 822 3434; x_wconf 78' lang='lat' dir='ltr'><strong>legg.</strong></span> <span class='ocrx_word' id='word_1_326' title='bbox 841 3357 910 3417; x_wconf 87' lang='lat' dir='ltr'><strong>XII.</strong></span> <span class='ocrx_word' id='word_1_327' title='bbox 930 3379 958 3431; x_wconf 91' lang='lat' dir='ltr'><strong>p.</strong></span> <span class='ocrx_word' id='word_1_328' title='bbox 977 3363 1026 3415; x_wconf 90' lang='grc'><strong>969</strong></span> <span class='ocrx_word' id='word_1_329' title='bbox 1044 3357 1079 3415; x_wconf 89' lang='lat' dir='ltr'><strong>B.</strong></span> <span class='ocrx_word' id='word_1_330' title='bbox 1115 3359 1191 3416; x_wconf 86' lang='lat' dir='ltr'><strong>Tim.</strong></span> <span class='ocrx_word' id='word_1_331' title='bbox 1209 3378 1236 3433; x_wconf 90' lang='lat' dir='ltr'><strong>p.</strong></span> <span class='ocrx_word' id='word_1_332' title='bbox 1257 3365 1285 3416; x_wconf 88' lang='grc'><strong>71</strong></span> <span class='ocrx_word' id='word_1_333' title='bbox 1306 3359 1341 3418; x_wconf 89' lang='lat' dir='ltr'><strong>E.</strong></span> <span class='ocrx_word' id='word_1_334' title='bbox 1423 3408 1426 3413; x_wconf 93' lang='lat'><strong>.</strong></span> 
     </span>
     <span class='ocr_line' id='line_1_31' title="bbox 59 3442 1340 3531; baseline 0.002 -26"><span class='ocrx_word' id='word_1_335' title='bbox 59 3449 135 3506; x_wconf 83' lang='lat' dir='ltr'><strong>Vide</strong></span> <span class='ocrx_word' id='word_1_336' title='bbox 159 3446 312 3523; x_wconf 83' lang='lat' dir='ltr'><strong>Wyttenb.</strong></span> <span class='ocrx_word' id='word_1_337' title='bbox 337 3447 374 3506; x_wconf 83' lang='lat' dir='ltr'><strong>ed</strong></span> <span class='ocrx_word' id='word_1_338' title='bbox 392 3451 468 3508; x_wconf 93' lang='lat' dir='ltr'><strong>Plut.</strong></span> <span class='ocrx_word' id='word_1_339' title='bbox 496 3451 531 3508; x_wconf 92' lang='lat' dir='ltr'><strong>de</strong></span> <span class='ocrx_word' id='word_1_340' title='bbox 558 3442 708 3527; x_wconf 76' lang='lat' dir='ltr'><strong>superstit.</strong></span> <span class='ocrx_word' id='word_1_341' title='bbox 736 3467 765 3524; x_wconf 87' lang='lat' dir='ltr'><strong>p.</strong></span> <span class='ocrx_word' id='word_1_342' title='bbox 794 3458 844 3509; x_wconf 84' lang='grc'><strong>166</strong></span> <span class='ocrx_word' id='word_1_343' title='bbox 868 3451 904 3531; x_wconf 74' lang='grc' dir='ltr'><strong>Α.</strong></span> <span class='ocrx_word' id='word_1_344' title='bbox 942 3450 974 3510; x_wconf 86' lang='lat' dir='ltr'><strong>C.</strong></span> <span class='ocrx_word' id='word_1_345' title='bbox 997 3448 1228 3525; x_wconf 51' lang='lat' dir='ltr'><strong>Fr.⁴Hermunn.</strong></span> <span class='ocrx_word' id='word_1_346' title='bbox 1254 3449 1340 3525; x_wconf 87' lang='lat' dir='ltr'><strong>Speo.</strong></span> 
     </span>
     <span class='ocr_line' id='line_1_32' title="bbox 61 3541 806 3618; baseline -0.001 -19"><span class='ocrx_word' id='word_1_347' title='bbox 61 3543 225 3599; x_wconf 85' lang='lat' dir='ltr'><strong>Comment.</strong></span> <span class='ocrx_word' id='word_1_348' title='bbox 243 3541 348 3599; x_wconf 88' lang='lat' dir='ltr'><strong>Critici</strong></span> <span class='ocrx_word' id='word_1_349' title='bbox 367 3542 403 3599; x_wconf 86' lang='lat' dir='ltr'><strong>ud</strong></span> <span class='ocrx_word' id='word_1_350' title='bbox 422 3543 496 3602; x_wconf 86' lang='lat' dir='ltr'><strong>Plut.</strong></span> <span class='ocrx_word' id='word_1_351' title='bbox 515 3543 550 3599; x_wconf 91' lang='lat' dir='ltr'><strong>de</strong></span> <span class='ocrx_word' id='word_1_352' title='bbox 569 3552 806 3618; x_wconf 58' lang='lat' dir='ltr'><strong>superstructi.</strong></span> 
     </span>
    </p>
   </div>
   <div class='ocr_carea' id='block_1_12' title="bbox 130 3685 957 3783">
    <p class='ocr_par' dir='ltr' id='par_1_13' title="bbox 130 3685 957 3783">
     <span class='ocr_line' id='line_1_33' title="bbox 130 3685 957 3783; baseline 0.004 -33"><span class='ocrx_word' id='word_1_353' title='bbox 130 3712 160 3767; x_wconf 89' lang='lat' dir='ltr'><strong>p.</strong></span> <span class='ocrx_word' id='word_1_354' title='bbox 180 3696 228 3759; x_wconf 85' lang='lat'><strong>50.</strong></span> <span class='ocrx_word' id='word_1_355' title='bbox 246 3699 272 3750; x_wconf 82' lang='lat'><strong>9.</strong></span> <span class='ocrx_word' id='word_1_356' title='bbox 308 3696 336 3748; x_wconf 79' lang='lat' dir='ltr'><strong>te</strong></span> <span class='ocrx_word' id='word_1_357' title='bbox 356 3685 400 3764; x_wconf 79' lang='lat' dir='ltr'><strong>ot]</strong></span> <span class='ocrx_word' id='word_1_358' title='bbox 435 3692 538 3749; x_wconf 84' lang='lat' dir='ltr'><strong>Scribe</strong></span> <span class='ocrx_word' id='word_1_359' title='bbox 557 3712 573 3748; x_wconf 91' lang='lat' dir='ltr'><strong>e</strong></span> <span class='ocrx_word' id='word_1_360' title='bbox 590 3693 625 3753; x_wconf 87' lang='lat' dir='ltr'><strong>B.</strong></span> <span class='ocrx_word' id='word_1_361' title='bbox 644 3695 677 3751; x_wconf 87' lang='lat' dir='ltr'><strong>E.</strong></span> <span class='ocrx_word' id='word_1_362' title='bbox 698 3693 743 3750; x_wconf 89' lang='lat' dir='ltr'><strong>ed.</strong></span> <span class='ocrx_word' id='word_1_363' title='bbox 762 3693 859 3783; x_wconf 77' lang='lat' dir='ltr'><strong>Reisls.</strong></span> <span class='ocrx_word' id='word_1_364' title='bbox 879 3698 909 3751; x_wconf 81' lang='grc' dir='ltr'><strong>δέ</strong></span> <span class='ocrx_word' id='word_1_365' title='bbox 923 3700 957 3753; x_wconf 77' lang='grc' dir='ltr'>οἱ.</span> 
     </span>
    </p>
   </div>
   <div class='ocr_carea' id='block_1_13' title="bbox 63 3825 1344 3995">
    <p class='ocr_par' dir='ltr' id='par_1_14' title="bbox 63 3825 1344 3995">
     <span class='ocr_line' id='line_1_34' title="bbox 87 3825 1344 3918; baseline 0.006 -41"><span class='ocrx_word' id='word_1_366' title='bbox 87 3870 90 3877; x_wconf 91' lang='grc'>.</span> <span class='ocrx_word' id='word_1_367' title='bbox 130 3846 160 3898; x_wconf 90' lang='lat' dir='ltr'><strong>p.</strong></span> <span class='ocrx_word' id='word_1_368' title='bbox 179 3832 229 3892; x_wconf 83' lang='lat'><strong>50,</strong></span> <span class='ocrx_word' id='word_1_369' title='bbox 247 3831 274 3885; x_wconf 86' lang='grc'><strong>9.</strong></span> <span class='ocrx_word' id='word_1_370' title='bbox 306 3826 393 3893; x_wconf 77' lang='grc' dir='ltr'><strong><em>χεῦεν]</em></strong></span> <span class='ocrx_word' id='word_1_371' title='bbox 428 3825 472 3882; x_wconf 83' lang='lat' dir='ltr'><strong>Itu</strong></span> <span class='ocrx_word' id='word_1_372' title='bbox 495 3844 562 3882; x_wconf 86' lang='lat' dir='ltr'><strong>curn</strong></span> <span class='ocrx_word' id='word_1_373' title='bbox 582 3825 734 3900; x_wconf 89' lang='lat' dir='ltr'><strong>Wyttenb.</strong></span> <span class='ocrx_word' id='word_1_374' title='bbox 753 3826 831 3883; x_wconf 91' lang='lat' dir='ltr'><strong>edidi</strong></span> <span class='ocrx_word' id='word_1_375' title='bbox 848 3844 884 3918; x_wconf 70' lang='lat' dir='ltr'><strong>err</strong></span> <span class='ocrx_word' id='word_1_376' title='bbox 903 3829 936 3888; x_wconf 87' lang='grc' dir='ltr'><strong>Ε.</strong></span> <span class='ocrx_word' id='word_1_377' title='bbox 966 3829 1018 3887; x_wconf 84' lang='lat' dir='ltr'><strong>sed</strong></span> <span class='ocrx_word' id='word_1_378' title='bbox 1042 3827 1130 3886; x_wconf 82' lang='lat' dir='ltr'><strong>habet</strong></span> <span class='ocrx_word' id='word_1_379' title='bbox 1152 3831 1239 3886; x_wconf 85' lang='lat' dir='ltr'><strong>etiarn</strong></span> <span class='ocrx_word' id='word_1_380' title='bbox 1264 3829 1295 3888; x_wconf 88' lang='lat' dir='ltr'><strong>B.</strong></span> <span class='ocrx_word' id='word_1_381' title='bbox 1316 3840 1344 3885; x_wconf 90' lang='lat' dir='ltr'><strong>ct</strong></span> 
     </span>
     <span class='ocr_line' id='line_1_35' title="bbox 63 3916 1064 3995; baseline 0.006 -20"><span class='ocrx_word' id='word_1_382' title='bbox 63 3920 231 3993; x_wconf 81' lang='lat' dir='ltr'><strong>conjecerat</strong></span> <span class='ocrx_word' id='word_1_383' title='bbox 247 3917 346 3977; x_wconf 82' lang='lat' dir='ltr'><strong>Reisk.</strong></span> <span class='ocrx_word' id='word_1_384' title='bbox 381 3918 482 3995; x_wconf 87' lang='lat' dir='ltr'><strong>Vulgo</strong></span> <span class='ocrx_word' id='word_1_385' title='bbox 496 3916 579 3988; x_wconf 81' lang='grc' dir='ltr'><strong>χεῦον.</strong></span> <span class='ocrx_word' id='word_1_386' title='bbox 613 3920 822 3995; x_wconf 83' lang='lat' dir='ltr'><strong>Intelligendus</strong></span> <span class='ocrx_word' id='word_1_387' title='bbox 842 3924 920 3978; x_wconf 89' lang='lat' dir='ltr'><strong>enim</strong></span> <span class='ocrx_word' id='word_1_388' title='bbox 942 3934 988 3978; x_wconf 92' lang='lat' dir='ltr'><strong>est</strong></span> <span class='ocrx_word' id='word_1_389' title='bbox 1010 3924 1064 3981; x_wconf 83' lang='lat' dir='ltr'><strong>sol.</strong></span> 
     </span>
    </p>
   </div>
   <div class='ocr_carea' id='block_1_14' title="bbox 62 4052 1345 4310">
    <p class='ocr_par' dir='ltr' id='par_1_15' title="bbox 62 4052 1345 4310">
     <span class='ocr_line' id='line_1_36' title="bbox 129 4052 1345 4130; baseline 0.002 -21"><span class='ocrx_word' id='word_1_390' title='bbox 129 4057 227 4125; x_wconf 79' lang='lat' dir='ltr'><strong>p.5d‚</strong></span> <span class='ocrx_word' id='word_1_391' title='bbox 248 4056 290 4108; x_wconf 87' lang='grc'>10.</span> <span class='ocrx_word' id='word_1_392' title='bbox 323 4055 478 4126; x_wconf 71' lang='grc' dir='ltr'><strong><em>πειθομένῃ]</em></strong></span> <span class='ocrx_word' id='word_1_393' title='bbox 511 4053 555 4109; x_wconf 81' lang='lat' dir='ltr'><strong>Ita</strong></span> <span class='ocrx_word' id='word_1_394' title='bbox 581 4052 659 4108; x_wconf 80' lang='lat' dir='ltr'><strong>edidi</strong></span> <span class='ocrx_word' id='word_1_395' title='bbox 682 4053 749 4111; x_wconf 77' lang='lat' dir='ltr'><strong>eB.</strong></span> <span class='ocrx_word' id='word_1_396' title='bbox 769 4052 830 4108; x_wconf 88' lang='grc' dir='ltr'><strong>Ε.</strong></span> <span class='ocrx_word' id='word_1_397' title='bbox 822 4072 853 4109; x_wconf 85' lang='grc'><strong>111</strong></span> <span class='ocrx_word' id='word_1_398' title='bbox 874 4052 980 4130; x_wconf 83' lang='lat' dir='ltr'><strong>quibus</strong></span> <span class='ocrx_word' id='word_1_399' title='bbox 998 4064 1206 4128; x_wconf 48' lang='grc' dir='ltr'><strong><em>εεῒπενθομεᾝνη</em></strong></span> <span class='ocrx_word' id='word_1_400' title='bbox 1243 4055 1325 4128; x_wconf 81' lang='lat' dir='ltr'><strong>Vulg</strong></span> <span class='ocrx_word' id='word_1_401' title='bbox 1307 4073 1345 4111; x_wconf 68' lang='grc' dir='ltr'><strong>9ο</strong></span> 
     </span>
     <span class='ocr_line' id='line_1_37' title="bbox 62 4142 1344 4261; baseline 0.003 -64"><span class='ocrx_word' id='word_1_402' title='bbox 62 4150 199 4214; x_wconf 70' lang='grc' dir='ltr'><strong>πιθοιεένη.</strong></span> <span class='ocrx_word' id='word_1_403' title='bbox 216 4143 274 4200; x_wconf 86' lang='lat' dir='ltr'><strong>Sed</strong></span> <span class='ocrx_word' id='word_1_404' title='bbox 297 4142 426 4200; x_wconf 76' lang='lat' dir='ltr'><strong>datitum</strong></span> <span class='ocrx_word' id='word_1_405' title='bbox 442 4146 571 4220; x_wconf 88' lang='lat' dir='ltr'><strong>requiri,</strong></span> <span class='ocrx_word' id='word_1_406' title='bbox 598 4144 781 4200; x_wconf 83' lang='lat' dir='ltr'><strong>intellexerat</strong></span> <span class='ocrx_word' id='word_1_407' title='bbox 798 4144 953 4218; x_wconf 86' lang='lat' dir='ltr'><strong>Wyttenb.</strong></span> <span class='ocrx_word' id='word_1_408' title='bbox 977 4147 1027 4221; x_wconf 89' lang='lat' dir='ltr'><strong>qui</strong></span> <span class='ocrx_word' id='word_1_409' title='bbox 1051 4150 1183 4222; x_wconf 90' lang='lat' dir='ltr'><strong>reposuit</strong></span> <span class='ocrx_word' id='word_1_410' title='bbox 1200 4152 1344 4261; x_wconf 52' lang='grc' dir='ltr'><strong>πειθομένη,</strong></span> 
     </span>
     <span class='ocr_line' id='line_1_38' title="bbox 65 4234 909 4310; baseline 0.006 -22"><span class='ocrx_word' id='word_1_411' title='bbox 65 4234 178 4295; x_wconf 40' lang='lat' dir='ltr'><strong>soils</strong></span> <span class='ocrx_word' id='word_1_412' title='bbox 147 4258 178 4308; x_wconf 82' lang='grc' dir='ltr'><strong>τη</strong></span> <span class='ocrx_word' id='word_1_413' title='bbox 195 4237 273 4308; x_wconf 74' lang='grc' dir='ltr'>ψυχῇ.</span> <span class='ocrx_word' id='word_1_414' title='bbox 298 4236 434 4293; x_wconf 82' lang='lat' dir='ltr'><strong>Reisltius</strong></span> <span class='ocrx_word' id='word_1_415' title='bbox 453 4236 545 4293; x_wconf 82' lang='lat' dir='ltr'><strong>voluit</strong></span> <span class='ocrx_word' id='word_1_416' title='bbox 560 4244 698 4308; x_wconf 78' lang='grc' dir='ltr'><strong><em>πειθομένη</em></strong></span> <span class='ocrx_word' id='word_1_417' title='bbox 716 4248 766 4293; x_wconf 86' lang='lat' dir='ltr'><strong>aut</strong></span> <span class='ocrx_word' id='word_1_418' title='bbox 781 4246 909 4310; x_wconf 74' lang='grc' dir='ltr'><strong><em>τιθεμένη.</em></strong></span> 
     </span>
    </p>
   </div>
   <div class='ocr_carea' id='block_1_15' title="bbox 64 4369 1432 4656">
    <p class='ocr_par' dir='ltr' id='par_1_16' title="bbox 64 4369 1432 4656">
     <span class='ocr_line' id='line_1_39' title="bbox 130 4369 1345 4446; baseline 0.007 -23"><span class='ocrx_word' id='word_1_419' title='bbox 130 4385 160 4440; x_wconf 91' lang='lat' dir='ltr'><strong>p.</strong></span> <span class='ocrx_word' id='word_1_420' title='bbox 178 4371 225 4434; x_wconf 77' lang='lat'><strong>5⁰,</strong></span> <span class='ocrx_word' id='word_1_421' title='bbox 246 4374 287 4426; x_wconf 91' lang='lat' dir='ltr'><strong>ll.</strong></span> <span class='ocrx_word' id='word_1_422' title='bbox 323 4371 436 4442; x_wconf 75' lang='grc' dir='ltr'><strong><em>σωτῆρος</em></strong></span> <span class='ocrx_word' id='word_1_423' title='bbox 452 4369 488 4438; x_wconf 90' lang='grc'>9]</span> <span class='ocrx_word' id='word_1_424' title='bbox 523 4370 596 4426; x_wconf 90' lang='lat' dir='ltr'><strong>Post</strong></span> <span class='ocrx_word' id='word_1_425' title='bbox 613 4371 723 4444; x_wconf 74' lang='grc' dir='ltr'><strong><em>οοεῆρος</em></strong></span> <span class='ocrx_word' id='word_1_426' title='bbox 740 4372 771 4427; x_wconf 91' lang='lat' dir='ltr'><strong>in</strong></span> <span class='ocrx_word' id='word_1_427' title='bbox 789 4369 874 4428; x_wconf 90' lang='lat' dir='ltr'><strong>libris</strong></span> <span class='ocrx_word' id='word_1_428' title='bbox 893 4374 1012 4446; x_wconf 87' lang='lat' dir='ltr'><strong>seriptis</strong></span> <span class='ocrx_word' id='word_1_429' title='bbox 1030 4385 1060 4431; x_wconf 92' lang='lat' dir='ltr'><strong>et</strong></span> <span class='ocrx_word' id='word_1_430' title='bbox 1077 4373 1163 4432; x_wconf 85' lang='lat' dir='ltr'><strong>editis</strong></span> <span class='ocrx_word' id='word_1_431' title='bbox 1179 4375 1298 4445; x_wconf 87' lang='lat' dir='ltr'><strong>lacuna,</strong></span> <span class='ocrx_word' id='word_1_432' title='bbox 1316 4388 1345 4432; x_wconf 86' lang='lat' dir='ltr'><strong>et</strong></span> 
     </span>
     <span class='ocr_line' id='line_1_40' title="bbox 64 4410 1432 4656; baseline 0.008 -143"><span class='ocrx_word' id='word_1_433' title='bbox 64 4458 96 4513; x_wconf 87' lang='lat' dir='ltr'><strong>in</strong></span> <span class='ocrx_word' id='word_1_434' title='bbox 114 4457 146 4516; x_wconf 85' lang='lat' dir='ltr'><strong>B.</strong></span> <span class='ocrx_word' id='word_1_435' title='bbox 164 4458 281 4532; x_wconf 88' lang='lat' dir='ltr'><strong>quidem</strong></span> <span class='ocrx_word' id='word_1_436' title='bbox 298 4458 467 4529; x_wconf 88' lang='lat' dir='ltr'><strong>duodecim,</strong></span> <span class='ocrx_word' id='word_1_437' title='bbox 485 4464 517 4518; x_wconf 91' lang='lat' dir='ltr'><strong>in</strong></span> <span class='ocrx_word' id='word_1_438' title='bbox 534 4462 568 4522; x_wconf 88' lang='grc' dir='ltr'><strong>Ε.</strong></span> <span class='ocrx_word' id='word_1_439' title='bbox 588 4481 693 4551; x_wconf 77' lang='lat' dir='ltr'><strong>noveru</strong></span> <span class='ocrx_word' id='word_1_440' title='bbox 711 4473 824 4519; x_wconf 83' lang='lat' dir='ltr'><strong>tantum</strong></span> <span class='ocrx_word' id='word_1_441' title='bbox 843 4464 1001 4551; x_wconf 80' lang='lat' dir='ltr'><strong>literarum.</strong></span> <span class='ocrx_word' id='word_1_442' title='bbox 1369 4410 1432 4656; x_wconf 65' lang='lat' dir='ltr'><em>l</em></span> 
     </span>
    </p>
   </div>
   <div class='ocr_carea' id='block_1_16' title="bbox 132 4606 1350 4691">
    <p class='ocr_par' dir='ltr' id='par_1_17' title="bbox 132 4606 1350 4691">
     <span class='ocr_line' id='line_1_41' title="bbox 132 4606 1350 4691; baseline 0.004 -27"><span class='ocrx_word' id='word_1_443' title='bbox 132 4611 229 4680; x_wconf 83' lang='lat' dir='ltr'><strong>p.50,</strong></span> <span class='ocrx_word' id='word_1_444' title='bbox 249 4613 292 4668; x_wconf 91' lang='grc'><strong>11.</strong></span> <span class='ocrx_word' id='word_1_445' title='bbox 325 4606 363 4677; x_wconf 81' lang='grc' dir='ltr'><strong>ὃς]</strong></span> <span class='ocrx_word' id='word_1_446' title='bbox 398 4611 504 4685; x_wconf 83' lang='lat' dir='ltr'><strong>Adjeci</strong></span> <span class='ocrx_word' id='word_1_447' title='bbox 521 4609 549 4676; x_wconf 77' lang='grc' dir='ltr'><strong>ὃς</strong></span> <span class='ocrx_word' id='word_1_448' title='bbox 567 4630 632 4670; x_wconf 87' lang='lat' dir='ltr'><strong>cum</strong></span> <span class='ocrx_word' id='word_1_449' title='bbox 647 4612 767 4676; x_wconf 85' lang='lat' dir='ltr'><strong>Hutteu.</strong></span> <span class='ocrx_word' id='word_1_450' title='bbox 786 4630 800 4668; x_wconf 93' lang='lat' dir='ltr'><strong>e</strong></span> <span class='ocrx_word' id='word_1_451' title='bbox 820 4615 1160 4691; x_wconf 83' lang='lat' dir='ltr'><strong>conjecturaWyttenb.</strong></span> <span class='ocrx_word' id='word_1_452' title='bbox 1178 4628 1207 4676; x_wconf 88' lang='lat' dir='ltr'><strong>et</strong></span> <span class='ocrx_word' id='word_1_453' title='bbox 1224 4618 1350 4675; x_wconf 79' lang='lat' dir='ltr'><strong>Reiskii.</strong></span> 
     </span>
    </p>
   </div>
   <div class='ocr_carea' id='block_1_17' title="bbox 0 0 1536 4994">
    <p class='ocr_par' dir='ltr' id='par_1_18' title="bbox 0 0 1536 4994">
     <span class='ocr_line' id='line_1_42' title="bbox 0 0 1536 4994; baseline 0 0"><span class='ocrx_word' id='word_1_454' title='bbox 0 0 1536 4994; x_wconf 95' lang='lat' dir='ltr'><strong> </strong></span> 
     </span>
    </p>
   </div>
  </div>
 </body>
</html>
