3036 4994
1294 210 1352 274 199

133 383 163 440 p.
180 368 230 434 42,
249 373 291 425 21.
325 369 388 445 μηδὲ
410 361 570 440 θαυμάζων]
603 365 639 439 μὴ
658 370 684 423 δὲ
701 364 840 437 θαυμάζων
864 364 933 424 Ald.
950 364 1019 428 Bas.
1041 366 1134 425 Iidem
1155 367 1190 440 μὴ
1215 371 1243 423 et
1264 372 1350 437 θερα-

64 480 152 516 πευων.
630 483 632 487 ·

126 629 162 695 P·
180 616 232 678 42,
248 613 293 668 28.
324 607 450 681 αἰχματὰν
466 601 604 683 κεραυνὸν]
640 608 760 667 Pindar.
780 609 867 682 Pyth.
885 607 910 667 I.
929 625 974 669 vs.
992 612 1019 668 5.

332 729 437 783 καὶτὸν
457 725 621 799 αἰχματὰν
639 728 795 801 κεραυνὸν
815 726 935 798 σβεννύεις

330 817 422 878 ὰενὰοσ
439 819 527 896 πυρὰς.

58 937 185 1010 αἰχματὰν
202 937 321 1008 κεραυνὸν
338 939 529 1013 cuspidatum
537 938 666 1010 fulmen.
700 939 869 996 Notandum
886 936 1103 995 substantivum
1123 956 1179 1013 pro
1204 938 1348 1013 adjectivo

61 1042 95 1087 ut
112 1031 196 1090 Nem.
220 1032 282 1100 IX,
306 1039 348 1090 37.
372 1032 460 1102 θυμὸν
485 1031 663 1102 αἰχματὰν.
700 1030 751 1089 Sic
776 1029 937 1105 καταρὰκτην
961 1026 1022 1087 doh
1056 1030 1149 1105 Soph.
1182 1029 1257 1092 Oed.
1283 1033 1346 1092 Col.

61 1143 106 1180 vs.
126 1129 203 1184 1582.
220 1123 291 1200 ihig.
309 1124 419 1200 Reisig.
438 1144 468 1199 p.
489 1124 619 1183 CXCIV.
637 1131 719 1181 ἱκέταν
736 1123 835 1196 ἰήλεμον
851 1125 922 1181 Eur.
943 1124 1046 1199 Suppl.
1064 1143 1109 1184 vs.
1128 1130 1189 1183 292.
1207 1125 1350 1198 πρυμνήτην

59 1217 140 1271 ιάλων
157 1216 236 1278 Med.
255 1236 300 1274 vs.
319 1225 379 1276 770.
415 1219 515 1288 ἰδιώτης
530 1226 586 1289 βίας
602 1218 674 1276 Ι.ιισ.
693 1219 867 1274 Hermotim.
890 1236 916 1277 c.
936 1227 979 1278 67.
1013 1217 1088 1276 Plat.
1107 1216 1142 1273 de
1162 1235 1226 1292 rep.
1243 1217 1298 1275 IX.
1316 1235 1350 1292 p.

13 1347 24 1364 .
62 1314 113 1368 578
131 1310 164 1367 C.
194 1309 286 1385 (ihiq.
306 1309 479 1370 Schneider.
497 1330 528 1385 p.
546 1314 626 1377 1³4.)
659 1312 737 1367 Plut.
763 1311 798 1367 de
824 1313 892 1369 virt.
913 1322 942 1366 et
957 1312 1030 1367 vitio
1051 1329 1081 1386 p.
1101 1316 1148 1368 101
1167 1310 1205 1368 D.
1241 1308 1353 1369 λσιάταιι

58 1411 229 1475 χειροτέχναις
249 1404 384 1476 Thucyd.
402 1404 459 1470 VI,
483 1413 524 1464 79.
559 1403 633 1472 ὄχλον
658 1405 760 1475 ἰδιώτην
780 1405 857 1464 Plut.
880 1404 988 1465 Pericl.
1010 1423 1037 1460 e.
1056 1403 1124 1461 XII.
1142 1432 1176 1448 -
1192 1402 1350 1476 Xylander

60 1498 272 1569 interpretatus
298 1506 359 1554 est:
388 1495 560 1552 bellicosum
575 1494 713 1566 fulmen,
741 1499 852 1552 rectius
878 1496 998 1554 Dissen.
1025 1495 1062 1551 ad
1086 1495 1207 1551 Pindar.
1234 1515 1263 1568 p.
1290 1499 1351 1554 164.

61 1588 251 1662 cuspidarum
260 1587 396 1658 fulmen,
423 1600 455 1642 ut
475 1587 638 1661 disignetur
656 1587 738 1644 Jovis
762 1588 868 1655 telum,
896 1606 955 1663 quo
978 1599 1119 1664 tanquam
1139 1588 1222 1644 hasta
1239 1587 1351 1658 trajicit

62 1681 161 1736 hostes
179 1698 258 1737 suos.
293 1679 433 1751 Aeschyl.
451 1679 600 1740 Prometh.
618 1679 714 1735 Vinct.
734 1698 779 1738 vs.
797 1687 847 1738 411
867 1699 912 1755 sq.

436 1796 496 1860 Ζεὺς
529 1826 563 1840 ·-
580 1827 611 1840 ·-
646 1795 745 1871 ὑπερή-

430 1913 512 1962 φανον
528 1899 602 1952 θεοῖς
617 1901 670 1953 τοῖς
686 1889 768 1962 πὰρος
784 1897 833 1950 ἓν..Ἰ

500 1987 619 2040 δείκνυσιν
638 1989 693 2049 αἰχ
699 1980 769 2053 μάν.

60 2099 127 2158 coll.
146 2095 282 2161 ibides.
300 2105 360 2159 901.

330 2225 461 2290 τρίαιναν,
480 2215 602 2286 αἰχμὴν
620 2215 667 2283 τὴν
685 2215 859 2280 Ποσειδῶνος,
876 2216 960 2286 σκεδᾷ.

60 2336 139 2394 Vide
158 2335 228 2391 lntt.
254 2334 290 2391 ad
313 2334 425 2391 Herod.
442 2334 523 2401 Vll,
546 2339 589 2392 10.
616 2333 677 2400 IV,
704 2339 747 2393 79.
783 2332 873 2407 Soph.
892 2333 1193 2394 Trachin.vs.1103.
1228 2333 1350 2394 Disseu.

61 2430 99 2485 ad
118 2430 237 2488 Pindar.
274 2427 441 2503 Olympl,
461 2433 503 2486 80.

129 2599 158 2654 p.
176 2586 228 2646 42,
246 2586 288 2638 99.
322 2576 375 2649 ἀμα
393 2578 427 2648 τῷ
446 2576 490 2632 τὸν
508 2576 595 2642 καλὸν]
620 2577 663 2632 lta
685 2575 763 2632 edidi
781 2595 797 2632 e
814 2576 849 2636 Β.
862 2578 896 2637 E.
914 2579 957 2636 lin
976 2596 1034 2654 quo
1051 2602 1106 2651 αμα
1123 2579 1186 2635 siue
1202 2583 1349 2646 accentu).

61 2674 163 2748 Vulgo
181 2672 235 2746 ἅμα
250 2672 322 2744 τρῖχε
345 2673 431 2727 καλὸν.
466 2670 533 2730 Ald.
554 2669 608 2742 ἅμα
625 2670 682 2727 τότε
703 2673 787 2726 καλὸν.
824 2673 890 2730 Bas.
910 2669 963 2742 ὰμα
978 2672 1012 2742 τῷ
1029 2670 1113 2727 καλὸν.

127 2845 158 2900 ρ.
176 2833 227 2891 49,
245 2828 288 2880 30.
322 2819 407 2892 laen?
432 2825 509 2887 etc]
545 2821 622 2877 Citat
646 2821 723 2876 hunc
744 2823 851 2876 incerti
870 2831 973 2891 poetae
1000 2809 1149 2878 senarium
1171 2820 1347 2876 Plutarchus

62 2921 150 2975 etiam
170 2920 200 2974 in
218 2921 268 2973 vit.
285 2916 417 2988 Pelopid.
437 2934 463 2972 c.
483 2914 597 2970 XXIX.
618 2925 646 2968 et
663 2912 758 2969 Alcih.
780 2932 805 2968 c.
825 2914 877 2970 IV.
898 2913 948 2970 uhi
967 2915 1048 2969 solus
1066 2914 1101 2972 E.
1121 2911 1239 2968 exhibet
1257 2912 1348 2972 δοῦλος

60 3033 115 3087 pro
134 3015 233 3071 δοῦλον.
268 3011 304 3065 ln
324 3009 463 3082 Pelopida
481 3008 589 3063 Portus
612 3007 713 3062 maluit
737 3009 834 3068 δοῦλος.
869 3007 987 3065 Monac.
1008 3005 1084 3062 liber
1109 3024 1156 3062 nr.
1177 3007 1220 3062 85.
1247 3007 1347 3071 ἔπτηξεν

60 3103 221 3174 Ἀλέξανδρος
238 3103 328 3162 δοῦλος
343 3097 375 3162 ὧς
391 3106 473 3162 κλίνας
487 3099 593 3172 πτερόν,
614 3101 706 3160 l’alat.
727 3121 773 3158 nr.
789 3108 846 3159 169.
866 3101 950 3170 ἔπτηξ’
969 3099 1078 3173 ἀλέκτωρ
1095 3099 1202 3160 δοῦλος·
1221 3094 1350 3159 desiluere

61 3197 159 3268 πτερόν.
198 3196 287 3255 δοῦλος
305 3196 392 3249 etiam
415 3193 568 3266 Xylander
594 3205 696 3249 nostro
721 3193 787 3250 loco
814 3193 930 3249 videtur
953 3193 1113 3268 probasse,
1143 3201 1281 3247 vertens:
1315 3202 1348 3244 ιιι

61 3289 158 3359 gallus
190 3287 258 3342 ulus
290 3285 425 3360 trepidus
457 3285 613 3341 dernicteus
640 3305 765 3360 pavero.
820 3285 901 3344 Vide
928 3284 1035 3343 Baehr.
1066 3283 1104 3342 ad
1137 3282 1215 3340 Plut.
1249 3280 1349 3343 Alcib-

62 3399 92 3454 p.
112 3386 145 3436 84
163 3397 208 3453 sq.

129 3547 158 3602 p.
177 3533 227 3594 49,
246 3529 288 3584 90.
307 3519 458 3597 δοῦλονιῖς]
477 3523 603 3582 Mirifice
617 3537 646 3582 et
661 3525 733 3583 dura
747 3529 883 3602 trajectio
899 3529 1058 3584 verborum
1071 3525 1249 3584 huicversui
1260 3525 1348 3592 inest,

62 3621 95 3685 ἀς
112 3620 149 3678 ad
166 3618 274 3693 ἀλέκτωρ
289 3619 424 3693 pertinet·
446 3619 617 3674 Potuissent
629 3619 746 3694 quidem
757 3619 847 3676 verba
861 3622 904 3678 sic
921 3621 1069 3677 ordinari:
1092 3618 1199 3694 ἀλέκτωρ
1217 3614 1250 3683 ἀς
1265 3623 1349 3681 κλίνας

62 3717 153 3770 δοῦλον
165 3713 263 3784 πτερόν.
279 3713 321 3769 At
334 3729 438 3768 versus
453 3729 544 3787 aeque
561 3713 652 3769 durus
668 3714 711 3769 sic
728 3715 848 3772 exisset.
872 3713 1065 3774 RElSKIUS.
1090 3713 1186 3787 Vulgo
1198 3710 1349 3787 legebatur

63 3809 154 3864 δοῦλον
165 3803 205 3870 ὡς.
221 3806 351 3881 Reposui
363 3824 378 3862 e
391 3806 424 3862 Β.
431 3805 464 3861 Ε.
481 3808 572 3862 δοῦλον
584 3805 629 3874 ἀς,
643 3825 700 3882 quo
714 3807 828 3864 tollitur
840 3808 982 3863 orationis
997 3807 1128 3863 durities.
1145 3803 1257 3862 Sensus
1270 3806 1349 3860 enim

63 3911 122 3957 est:
141 3899 231 3960 Pavit
245 3899 342 3973 gallus
359 3898 442 3954 olam
459 3914 601 3974 tauquam
617 3920 735 3956 servom
754 3901 921 3958 demittens.
940 3901 1080 3973 Aeschyl.
1093 3899 1178 3958 Pers.
1191 3916 1235 3956 vs.
1248 3903 1308 3957 745.
1320 3905 1349 3959 0.

332 4014 403 4078 ὅστις
418 4013 600 4085 Ἑλλήσποντον
619 4016 675 4088 ἱρὸν
694 4017 808 4071 δοῦλον
827 4013 866 4079 ὰς
881 4015 1040 4090 δεσμώμασιν
1116 4024 1119 4031 ’

331 4107 424 4180 ἤλπισε
443 4106 544 4178 σχήσειν
560 4114 671 4180 ῥέοντα,
688 4105 825 4182 Βόσπορον
842 4107 904 4182 ρ’ὁον
926 4110 1002 4170 θεοῦ.
1056 4147 1063 4152 -

64 4224 151 4297 Quod
168 4225 288 4283 Reislzio
305 4224 429 4303 aliisque
453 4224 487 4288 ὡς
508 4225 546 4282 ad
568 4224 678 4299 ἀλέκτωρ
702 4228 850 4301 pertinere
871 4229 968 4285 risum
984 4237 1054 4298 est,
1080 4228 1111 4285 id
1127 4225 1251 4304 probari
1267 4225 1348 4285 nullo

63 4316 151 4375 modo
173 4331 280 4394 potest.
313 4319 390 4377 Nam
413 4329 446 4377 ut
467 4320 654 4396 reperiantur
680 4320 812 4394 exempla
837 4319 960 4377 liberius
988 4321 1129 4395 trajectae
1158 4320 1350 4396 comparandi

61 4410 239 4484 particulae,
263 4421 296 4468 ut
310 4412 385 4469 Plat.
403 4410 517 4470 Phileb.
542 4431 572 4486 p.
591 4418 624 4471 61
642 4411 678 4472 B.
711 4412 819 4486 καὶμὴν
840 4411 995 4486 καθάπερ
1011 4411 1088 4486 ἡμῖν
1108 4409 1277 4483 οἰνοχόοις
1298 4418 1349 4470 τισί

63 4502 201 4574 παρεστᾶσι
216 4503 311 4579 κρῆναι.
345 4505 413 4563 coll.
431 4505 587 4580 Aristoph.
604 4505 695 4581 Vesp.
713 4524 757 4566 VS.
776 4513 837 4567 36³.

333 4616 437 4694 ὥσπερ
456 4646 493 4695 με
513 4623 618 4694 χαλῆν
639 4631 716 4695 κρέα
735 4628 872 4698 κλέψασαν.
