3036 4994
188 223 247 287 182

256 400 284 454 Ρ.
303 385 353 443 34,
371 386 416 438 23.
451 380 560 444 tlotlul·
577 375 714 433 RcIsItius
732 375 842 433 mavult
858 374 886 439 iic
903 379 991 433 ιῖοτλα.

253 565 281 619 p.
302 550 350 612 st,
368 551 413 604 23.
448 536 599 615 Μαικήναν]
631 538 751 614 piniani
774 542 808 601 E.
834 572 864 585 -·
894 541 937 598 Dc
957 539 1125 598 Maecenate
1148 536 1283 595 adultero
1310 533 1386 592 vide
1405 532 1477 591 Liou

188 638 408 696 Maecenatiana
425 656 454 710 p.
474 642 517 696 19.

252 807 281 860 Ρ.
301 794 349 852 34,
366 790 410 843 23.
444 783 695 865 διαπληκτιζόμενον]
729 787 924 854 πληκτλζεσθαι,
948 784 1185 854 διαπληκτίζεσθαι,
1207 799 1252 855 pr.
1280 778 1432 844 velitari,
1450 778 1478 833 de

186 882 305 936 velitum
325 881 489 953 equitumve
509 877 704 935 concursibus
731 889 797 933 aitte
818 880 924 952 justam
948 895 1096 951 pugnarn,
1124 896 1153 934 ν.
1173 893 1199 930 c.
1222 874 1302 930 Plut.
1325 872 1386 928 vit.
1411 869 1478 928 SnII.

186 992 213 1031 c.
236 974 273 1029 II.
295 982 324 1028 et
340 971 485 1030 XXXVI.
520 972 646 1028 Lucian.
666 971 701 1026 de
718 990 853 1045 gymnas.
877 974 899 1039 §-
919 977 959 1030 tt.
986 970 1023 1030 T.
1044 968 1113 1024 VII.
1137 989 1164 1040 p.
1181 973 1242 1026 162.
1278 972 1443 1034 παιομένους
1457 986 1479 1032 ,νε

184 1074 227 1122 καλ
254 1068 536 1136 αληκτιζομένοος
564 1063 719 1136 ἀνθρώπους
745 1070 788 1120 καὶ
814 1064 877 1137 πρὸς
895 1065 941 1132 τὴν
960 1064 1007 1134 γῆν
1032 1060 1226 1133 ἀραττομένους,
1253 1079 1285 1120 v.
1306 1059 1426 1116 Baehr.
1447 1056 1478 1111 ad

184 1161 291 1233 Pyrrh.
310 1179 339 1233 p.
353 1166 400 1225 st;
420 1168 483 1214 tum
495 1176 567 1215 vero
580 1168 636 1226 est,
653 1161 696 1214 uti
708 1160 734 1213 Ii.
749 1159 786 1225 1.,
803 1158 930 1214 lascivis
947 1156 1077 1228 gestibus
1092 1170 1120 1219 et
1136 1153 1256 1210 rantibus
1271 1149 1480 1220 adfeminom

184 1254 321 1311 alludere.
358 1252 434 1308 Plut.
457 1254 510 1308 vil.
531 1251 639 1310 Timol.
662 1270 688 1309 c.
713 1251 795 1310 XIV.
824 1259 929 1307 πίνοντα
952 1260 1101 1324 κεκραμένον
1123 1247 1173 1304 iub
1196 1248 1246 1302 τῶν
1269 1245 1421 1316 καπηλείων
1441 1251 1480 1300 καλ

183 1345 500 1416 διαπληκτιζόμενον
517 1353 543 1400 ἓν
557 1352 624 1415 μέσῳ
642 1354 697 1406 τοῖς
713 1341 758 1416 ἆρ’
778 1342 845 1418 ὥρας
862 1347 1033 1417 ἐργαζομένοις
1048 1350 1167 1414 γυναίοις.
1194 1342 1341 1414 SympoS.
1358 1338 1477 1410 Quaest.

182 1440 256 1505 VII,
275 1448 300 1495 7.
320 1458 349 1512 Ρ.
368 1443 419 1495 710
436 1437 468 1496 C.
487 1443 541 1492 εἶτα
556 1443 582 1491 οἱ
597 1435 658 1506 πρὸς
678 1435 817 1512 Σωκράτην
836 1441 1100 1511 διαπληκτισμοῖ
1112 1441 1169 1508 περὶ
1181 1430 1339 1506 Ἀγάθωνος
1357 1439 1403 1489 καὶ
1421 1440 1477 1487 Za·

183 1529 290 1604 κράτους
303 1528 432 1602 ἐγκώμιον.
459 1531 614 1605 Aristoph.
632 1530 748 1593 Ecclcs.
766 1550 810 1590 vs.
823 1536 884 1589 964.
914 1530 1062 1587 Stratonis
1080 1531 1174 1604 epigr.
1187 1527 1236 1597 LI,
1255 1534 1282 1589 3.
1294 1535 1325 1587 4.
1349 1526 1477 1583 Brunck.

181 1622 220 1682 11.
239 1642 268 1698 p.
287 1624 331 1680 34.

784 1732 875 1789 καὶτὰ
892 1735 941 1806 apii
959 1742 1036 1805 ἔργον

447 1831 565 1898 παίγνια,
581 1831 796 1897 αληκτισμοὶ,
812 1835 919 1900 κνίνμα,
938 1833 1050 1899 φίλημα,
1068 1826 1151 1898 λόγος.

181 1922 296 2016 apulei.
315 1941 433 2001 Metam.
453 1942 493 2003 V.
514 1963 544 2018 p.
558 1951 623 2014 168,
640 1953 667 2005 6.
701 1943 834 2001 Elmenh.
847 1944 965 2020 primis
989 1943 1117 2001 Veneris
1131 1943 1265 2018 proeliis
1282 1941 1422 1999 velitatus
1440 1942 1476 1998 in

181 2054 318 2108 soporem
336 2036 536 2097 descenderat.
1327 2064 1330 2071 ·

250 2206 278 2260 Ρ.
298 2194 346 2253 34,
364 2194 409 2248 24.
443 2185 587 2265 ἀπέκλινεν]
621 2208 664 2249 sc.
689 2194 730 2246 tat
753 2190 797 2246 τὸν
820 2189 936 2261 ἀγκῶνα.
969 2186 1063 2246 veluit
1089 2184 1303 2261 προσκεφάλαιον.
1341 2185 1467 2245 Juvenal.

182 2281 270 2339 Satin.
289 2282 318 2349 Ι,
337 2284 370 2338 55
389 2300 453 2356 sqq.

414 2390 514 2464 Quum
530 2389 595 2444 leno
611 2389 750 2461 adcipiat
766 2389 882 2446 moechi
899 2389 994 2455 bona,
1012 2389 1043 2444 si
1059 2388 1201 2462 capiendi

413 2479 469 2536 Jus
486 2480 597 2536 nullum
615 2481 726 2548 uxori,
745 2482 848 2539 doctus
865 2496 1000 2555 spectare
1018 2480 1163 2547 lacunar,

413 2574 527 2629 Doctus
544 2587 571 2627 et
587 2572 631 2626 ad
644 2572 770 2628 calicem
786 2573 930 2643 vigilanti
945 2588 1067 2630 stertere
1083 2592 1170 2642 rtaso,

180 2687 231 2745 abi
246 2688 412 2746 Henniuius
428 2707 490 2745 uon
506 2691 659 2747 immemor
673 2690 730 2746 fuit
745 2689 912 2747 Plutarchei
927 2690 996 2749 Ioci.
1026 2753 1029 2757 ,

246 2861 276 2921 p.
295 2847 346 2911 οι,
364 2843 408 2902 25.
443 2838 476 2907 ο,
493 2841 524 2913 α,
541 2842 690 2909 „aaaron
724 2839 757 2906 ο,
774 2840 804 2912 ιι,
821 2849 886 2901 aaa.
904 2840 974 2901 Ala.
992 2842 1061 2902 aas.
1129 2820 1131 2825 ’

245 3010 276 3065 Ρ.
295 2993 344 3057 SI,
361 2997 405 3051 25.
440 2998 466 3048 ἒν
490 2989 571 3062 τούτῳ
596 2992 644 3062 δὴ]
680 2993 710 3064 δι’]
736 2993 856 3066 reposui
880 3011 896 3048 e
922 2991 956 3053 B.
976 2993 1011 3049 Ε.
1046 2993 1142 3070 Vulgo
1163 3002 1188 3052 lv
1212 2994 1299 3065 τούτῳ
1326 3002 1365 3053 δὲ.
1401 2998 1472 3054 Tum

179 3085 268 3141 iidem
282 3082 352 3140 libri
368 3083 477 3141 hahent
492 3083 560 3148 τινὸς
575 3104 630 3160 pro
646 3108 720 3150 τινας.

245 3252 276 3306 p.
294 3240 341 3302 34,
360 3238 402 3293 27.
435 3232 504 3304 μόνη
522 3232 645 3304 Μαικήνᾳ
661 3234 795 3303 καθεύδοι]
831 3237 910 3297 Bene
931 3237 1093 3295 Wcicbert.
1112 3238 1130 3293 I.
1148 3257 1174 3295 c.
1201 3247 1278 3311 p..7.
1310 3246 1345 3298 in
1365 3262 1471 3298 triento-

178 3328 254 3383 riam
269 3337 389 3383 revocat
411 3338 495 3384 vetus
516 3326 724 3402 proverbium:
744 3349 803 3385 νιοιι
819 3330 956 3387 orantibus
973 3331 1107 3397 doratio,
1126 3331 1203 3405 qnod
1221 3344 1332 3388 natum
1350 3356 1368 3391 a
1388 3337 1471 3408 Cipio

180 3419 321 3494 (prodam,
346 3421 397 3494 qui
418 3419 606 3477 Pararhcnco
624 3420 799 3488 dictasset,
827 3423 905 3496 quod
922 3423 1073 3481 simularet
1089 3423 1305 3490 dorrriicrrtenr,
1337 3448 1400 3503 quo
1419 3431 1470 3483 im-

119 3544 124 3553 ·
178 3513 310 3584 punitius
329 3530 405 3567 uxor
421 3514 484 3584 ejus
500 3515 719 3581 moecharetur,
748 3524 779 3570 ut
795 3525 898 3571 auctor
918 3525 963 3570 cst
982 3515 1086 3571 Festus
1111 3536 1140 3589 p.
1158 3523 1217 3576 182.
1244 3516 1325 3594 ίΙιὶη.
1351 3525 1415 3578 intt.
1441 3541 1470 3592 p.

177 3609 238 3660 533.
263 3604 308 3660 ed.
326 3605 519 3665 Lindemann.
540 3607 612 3678 Ejus
629 3608 802 3682 rnemiuerat
818 3607 950 3663 LuciIius
968 3619 996 3663 ct
1015 3609 1046 3663 in
1062 3629 1126 3665 rem
1142 3628 1224 3665 suain
1241 3610 1320 3668 illud
1345 3632 1471 3670 couver-

176 3697 213 3751 tit
230 3697 334 3754 Cicero
351 3699 388 3755 ad
403 3699 521 3760 Divers.
540 3697 627 3760 Libr.
646 3701 713 3757 VII.
730 3719 777 3775 ep.
793 3707 836 3758 24.
855 3712 884 3756 ct
903 3701 939 3756 ad
951 3701 1040 3760 Attia.
1059 3701 1142 3760 Libe.
1156 3701 1236 3759 XIII.
1254 3722 1305 3777 ep.
1321 3715 1368 3765 49.
1387 3737 1421 3751 -
1438 3707 1469 3762 Ε.

178 3785 308 3864 pic-turpat,
332 3802 362 3848 et
377 3803 446 3866 post
461 3792 565 3864 κιλββας.
599 3793 696 3850 Antea
715 3792 750 3851 Β.
768 3798 833 3849 εἶπεν
850 3789 896 3849 οῦκ
913 3799 995 3849 abac
1011 3799 1076 3851 εἶπεν
1093 3793 1141 3850 ὅτι.

241 3961 271 4018 p.
290 3949 339 4011 34,
357 3948 399 4001 27.
435 3949 493 4007 ἴσως
511 3938 542 4001 οὗ
558 3941 640 3999 δεινόν
656 3935 742 4014 ἐστιν]
776 3938 807 3998 οὗ
826 3941 910 3999 abest
927 3963 942 3998 a
960 3942 995 3999 Β.
1014 3943 1050 4006 Ε.
1067 3944 1134 4004 Ald.
1153 3944 1223 4005 Bas.

240 4112 269 4164 p.
287 4098 334 4158 34,
352 4099 396 4152 23.
433 4092 566 4156 sibilos]
600 4091 645 4148 Ita
665 4092 820 4148 emendavi
842 4110 858 4147 e
882 4095 1036 4150 verissima
1060 4096 1228 4167 conjectura
1252 4094 1393 4170 Reiskii,
1420 4106 1470 4178 qui

173 4187 277 4242 nierito
298 4187 413 4241 censuit
428 4202 535 4241 nomen
555 4184 681 4249 Φαὺλιον,
700 4183 778 4259 quad
795 4185 843 4240 hic
861 4196 889 4240 et
906 4187 984 4243 infra
1002 4188 1032 4243 iu
1051 4186 1137 4243 editis
1155 4196 1216 4254 est,
1234 4188 1394 4248 Graecum
1413 4213 1472 4250 non

173 4296 248 4336 esse.
267 4275 355 4334 Libri
371 4279 487 4353 egregie
504 4274 623 4334 firmant
639 4274 726 4342 illud,
746 4275 823 4350 quod
838 4277 974 4334 Reiskius
992 4280 1119 4352 conjecit
1136 4291 1245 4336 etanta
1263 4300 1335 4340 cum
1347 4286 1426 4359 Xyl.
1443 4291 1473 4343 in

175 4371 311 4426 versione
329 4371 436 4443 posuit.
465 4369 501 4426 B.
528 4367 644 4441 piabor
668 4373 743 4434 (una
762 4369 848 4424 litera
873 4373 985 4436 erasa).
1018 4371 1052 4429 F..
1080 4371 1177 4442 φάολαι
1218 4374 1319 4431 Etiam
1345 4380 1419 4436 aliis
1443 4382 1473 4437 in

175 4462 248 4517 locis
267 4481 374 4519 nomen
394 4463 511 4524 ψάῦλλος
529 4480 546 4518 a
562 4459 693 4516 librariis
712 4461 800 4516 simili
817 4461 906 4517 modo
924 4463 1113 4536 depravatum
1131 4474 1192 4531 est,
1211 4485 1239 4522 ν.
1258 4466 1391 4528 Photius
1411 4481 1472 4538 623,

176 4557 217 4609 ut.
237 4561 297 4619 643,
317 4560 356 4611 17.
394 4555 549 4614 Daruostb.
566 4565 669 4611 contra
686 4552 861 4616 Aristocrat.
880 4556 964 4626 §.tea
983 4556 1089 4614 Athen.
1108 4556 1189 4616 VIII.
1209 4579 1238 4632 p.
1258 4567 1311 4621 338
1329 4566 1364 4623 Ε.
1384 4569 1472 4628 Χιῃ,
1502 4540 1506 4567 ¹

84 4658 203 4704 m.
223 4652 274 4704 1305
291 4647 326 4707 A.
342 4647 377 4707 Β.
412 4647 554 4706 Herodot.
572 4647 653 4708 VIII.
672 4666 699 4707 c.
715 4654 758 4710 47.
