3036 4994
203 820 1324 931 ANIMADVERSIONES

736 1042 787 1088 lN

318 1144 1198 1266 rourancuianorioun

615 1430 922 1446 ru*-

184 1597 395 1675 ΕΡΩΤῙΚΟΣ]
429 1601 609 1657 Memoratur
632 1601 679 1656 hic
701 1601 805 1658 titulus
836 1603 866 1658 in
889 1601 1049 1678 Lampriae
1069 1605 1198 1683 Catalog.
1220 1608 1307 1669 Num.
1327 1611 1398 1680 CV,

117 1695 216 1750 sedin
235 1695 325 1753 Catal.
345 1695 401 1756 Ms.
421 1695 533 1750 Veneto
551 1695 734 1751 desideratur
754 1700 798 1764 (v.
817 1695 935 1755 Fabric.
954 1697 1031 1757 Bibl.
1052 1698 1105 1759 Gr,
1125 1701 1161 1761 Τ.
1177 1701 1220 1760 V.
1237 1721 1265 1776 p.
1285 1708 1334 1760 167
1353 1723 1400 1780 sq.

114 1789 161 1845 ed.
181 1788 281 1855 Harl.)
305 1799 333 1843 et
352 1807 407 1862 pro
427 1806 462 1843 eo
482 1789 589 1861 legitur
615 1787 689 1842 alius
712 1785 776 1860 πρὸς
791 1788 851 1850 τοὺς
870 1790 986 1860 δρῶντας.
1024 1789 1089 1846 Jam
1111 1790 1309 1850 difficultatem
1328 1796 1399 1851 illud

113 1881 231 1955 objicit,
262 1882 340 1957 quod
362 1885 392 1937 in
412 1883 532 1956 Larnpr.
555 1881 646 1938 Catal.
672 1880 759 1955 Num.
780 1879 867 1936 CCX.
894 1892 1095 1938 memorantur
1110 1882 1245 1955 Ἐρωτικαὶ
1263 1887 1400 1956 διηγήσεις,

114 1983 139 2030 ἐν
162 1972 226 2045 ἄλλῳ
246 1975 308 2048 πρὸς
328 1975 387 2037 τοὺς
409 1977 529 2048 ἐρῶντας,
558 1975 611 2030 sed
630 1974 688 2029 alio
711 1974 778 2029 loco
805 1975 836 2029 in
863 1976 1023 2048 integriore
1051 1976 1101 2030 illo
1126 1979 1258 2050 catalogo
1287 1979 1400 2034 Veneto

113 2071 293 2143 scriptorum
312 2067 463 2124 Plutarchi
478 2066 611 2138 Ἕρινιικαὶ
630 2066 755 2137 διηγήσεις
774 2068 902 2122 citantur
921 2069 984 2122 sine
1002 2067 1061 2122 ullo
1079 2067 1287 2124 additamento.
1322 2068 1402 2125 Neu-

112 2164 224 2237 tiquam
244 2171 342 2217 tamen
359 2162 405 2216 his
425 2178 627 2227 commoveor,
645 2170 677 2215 ut
694 2160 884 2215 Plutarchum
901 2170 1019 2234 praeter
1034 2171 1169 2216 nostrum
1187 2161 1295 2218 librum
1312 2161 1400 2218 aliurn

113 2255 218 2320 etiam,
249 2253 299 2328 qui
321 2253 482 2326 inscriptus
507 2263 586 2308 esset
609 2253 672 2323 πρὸς
690 2252 750 2315 τοὺς
773 2255 894 2324 ἐρῶντας,
925 2253 1052 2308 edidisse
1077 2251 1216 2316 arbitrer.
1251 2256 1344 2311 lmnro
1361 2258 1402 2313 ita

113 2346 251 2421 equidem
269 2346 380 2411 sentio,
398 2345 605 2410 Plutarchum,
624 2348 686 2401 sive
704 2349 731 2401 is
746 2346 899 2420 inscripsit
912 2346 1020 2402 librum
1035 2359 1170 2403 nostrum
1180 2347 1323 2422 Ἐρωτικὸς,
1338 2349 1404 2423 πρὸς

113 2438 174 2500 τοὺς
191 2441 310 2509 ἐρῶντας,
328 2441 388 2494 sive
404 2441 543 2495 memoria
561 2439 661 2514 lapsus
679 2450 739 2504 est,
759 2442 808 2515 qui
821 2441 985 2514 catalogum
999 2441 1079 2496 illum
1092 2441 1187 2498 literis
1202 2446 1400 2520 consignavit,

113 2551 205 2587 unum
227 2533 367 2588 duntaxat
387 2532 509 2600 librum,
540 2533 650 2608 quode
670 2552 768 2589 amore
791 2545 904 2608 ageret,
934 2534 1071 2591 edidisse.
1105 2534 1208 2611 Neque
1231 2537 1290 2592 ullo
1312 2538 1400 2594 modo

112 2629 260 2681 assentior
281 2624 528 2698 Wyttenbachio,
557 2629 606 2702 qui
630 2646 703 2702 quos
724 2625 810 2683 affert
833 2626 978 2684 Stobaeus
1001 2629 1084 2684 locos
1107 2631 1292 2686 ePlutarchi
1316 2630 1400 2688 libris

112 2726 171 2792 napi
189 2726 279 2789 ἔρωτος
298 2717 397 2785 (Stoh.
416 2725 461 2786 63,
482 2725 525 2776 Sl.
545 2721 581 2779 T.
602 2721 640 2779 II.
661 2741 689 2794 Ρ.
707 2724 768 2778 405.
805 2720 899 2780 Gaisf.
917 2727 965 2788 fill,
984 2728 1026 2782 32.
1045 2742 1074 2797 Ρ.
1091 2727 1152 2781 426.
1172 2731 1215 2790 66,
1236 2731 1259 2783 7.
1278 2743 1307 2798 Ρ.
1326 2728 1401 2788 441.)

111 2823 142 2867 et
155 2810 212 2868 Ὅτι
228 2808 259 2866 οὗ
274 2820 355 2886 κρίσις
375 2810 388 2867 b
405 2810 487 2884 Ἔρως
505 2812 562 2879 (ib.
584 2817 633 2877 64,
652 2818 696 2871 30.
724 2813 760 2870 Τ.
778 2813 818 2871 II.
843 2833 873 2886 Ρ.
891 2820 951 2873 424.
978 2821 1026 2880 64,
1044 2819 1086 2871 31.
1112 2824 1142 2888 P.
1160 2817 1248 2879 424),
1276 2831 1401 2886 quorum

112 2905 183 2960 alibi
205 2905 284 2961 nulla
307 2902 342 2961 fit
363 2908 494 2972 mentio,
521 2907 628 2980 petitos
656 2924 720 2961 esse
746 2925 783 2962 ex
807 2906 858 2961 illo
881 2905 958 2961 libro
980 2908 1044 2980 πρὸς
1063 2905 1124 2968 τοὺς
1150 2907 1259 2978 ἐρῶντας
1281 2905 1402 2978 judicat.

112 2999 194 3068 Quae
221 2999 366 3055 sententia
397 3000 479 3053 omni
503 2995 719 3072 probabilitatis
745 3000 843 3071 specie
870 2998 1006 3053 destituta
1035 3010 1088 3054 est.
1135 2998 1211 3054 Nam
1239 3017 1328 3073 quum
1355 2999 1401 3053 uel

110 3092 300 3148 mediocriter
317 3091 478 3146 attendenti
499 3092 535 3147 ad
552 3093 647 3146 nostri
657 3090 727 3147 libri
744 3091 944 3146 conditionem
956 3102 985 3146 et
1002 3091 1128 3146 sormam
1143 3101 1258 3165 pateat,
1276 3093 1401 3147 maxime

109 3185 240 3240 lacerum
260 3184 434 3240 lacunosum
453 3193 482 3238 ct
502 3184 693 3256 depravatum
715 3182 751 3238 ad
777 3193 910 3238 nostram
933 3191 1057 3237 aetatem
1070 3199 1136 3238 eum
1157 3185 1346 3257 pervenisse,
1374 3195 1403 3240 et

109 3279 262 3352 longiores
278 3275 489 3351 brevioresque
507 3286 606 3349 partes
624 3279 767 3351 temporis
785 3277 895 3350 injuria
913 3277 1091 3349 interceptas
1112 3294 1192 3343 esse,
1210 3279 1321 3351 majore
1337 3279 1401 3352 jure

111 3381 141 3424 et
161 3371 271 3425 rectius
288 3379 416 3424 statuere
435 3370 506 3423 mihi
524 3370 644 3436 videor,
664 3389 713 3436 ea,
735 3389 808 3446 quae
829 3373 861 3426 in
877 3367 996 3425 Stobaei
1016 3368 1176 3445 Florilegio
1193 3371 1345 3448 leguntur,
1364 3391 1401 3428 ex

111 3473 216 3518 nostro
236 3459 313 3516 libro
339 3461 471 3516 desumto
490 3480 569 3529 csse,
587 3465 763 3537 praesertim
782 3481 887 3539 quum,
904 3479 1048 3537 quaenam
1071 3463 1155 3518 sedes
1177 3464 1300 3539 singulis
1323 3465 1404 3536 frag-

110 3558 217 3611 mentis
235 3557 265 3611 in
286 3573 321 3610 eo
341 3555 378 3609 sit
395 3555 587 3628 assignanda,
607 3557 633 3611 si
650 3574 711 3611 non
723 3574 778 3629 pro
796 3565 878 3611 certo
894 3552 1051 3624 affirmari,
1071 3565 1102 3611 at
1116 3554 1309 3629 probabiliter
1327 3574 1400 3611 con-

109 3650 161 3720 jici
179 3650 283 3722 possit.

178 3767 348 3841 Temporis,
370 3785 427 3841 quo
445 3769 574 3841 scriptus
593 3779 638 3823 est
658 3789 674 3823 a
692 3768 850 3825 Plutarcho
869 3768 1022 3835 Eroticus,
1042 3771 1113 3824 satis
1131 3779 1245 3825 certum
1261 3768 1402 3824 indicium

104 3851 252 3933 ¹praebere
274 3859 390 3916 videtur
407 3859 508 3925 locus,
537 3863 588 3936 qui
603 3861 711 3936 legitur
729 3880 755 3919 c.
773 3867 818 3918 25.
847 3881 878 3934 p.
900 3868 957 3920 771.
977 3861 1010 3922 C.
1027 3859 1180 3918 Ἀιιακιείνει
1194 3870 1240 3935 μὲν
1253 3853 1306 3917 ὀὖν
1326 3858 1403 3928 αὐτὴν

111 3951 126 4009 ὁ
146 3960 249 4027 Καῖσαρ
273 3953 529 4028 (Vespasianus)·
554 3949 701 4015 ἀποκτείνας
725 3957 751 4007 δὲ
773 3958 858 4009 δίδωσι
884 3958 968 4023 δίκην,
997 3962 1023 4009 ἰν
1042 3952 1117 4024 ὀλίγῳ
1136 3951 1292 4028 χρόνΡτοῦ
1318 3959 1404 4023 γένους

115 4044 208 4107 παντὸς
226 4042 306 4118 ἄρδην
326 4040 510 4118 ἀναιρεθέντας.
544 4045 589 4100 Ex
605 4043 710 4120 quibus
731 4044 830 4102 verbis
845 4047 904 4119 jam
917 4045 1054 4102 Reiskius
1069 4058 1149 4103 recte
1168 4046 1301 4121 collegit,
1319 4043 1405 4101 libel-

117 4137 177 4192 lum
192 4149 326 4194 nostrum
343 4149 412 4211 post
429 4138 592 4195 Domitiani
609 4140 729 4196 caedem
748 4141 891 4214 scriptum
907 4139 1010 4197 fuisse.
1441 4130 1449 4147 ‘

186 4255 270 4326 Quod
287 4256 323 4311 ad
342 4267 546 4332 argumentum
564 4258 682 4324 attinet,
702 4259 733 4313 in
752 4276 810 4333 quo
827 4243 983 4313 tractando
998 4267 1133 4317 versatus
1151 4267 1197 4312 est
1212 4256 1404 4321 Plutarchus,

117 4348 187 4404 nolo
205 4351 363 4422 permirum
378 4353 580 4426 perstringere
593 4351 733 4424 judiciuin
747 4350 820 4408 boni
839 4351 1005 4424 Xylandri,
1031 4352 1081 4426 qui
1098 4352 1129 4406 in
1147 4350 1271 4406 introitu
1287 4368 1407 4406 suarum

117 4441 404 4499 animadversionum
415 4445 487 4499 haec
503 4447 565 4500 lere
583 4446 732 4518 profatur:
751 4447 851 4519 „Sunt
868 4445 1014 4520 quaedum
1030 4443 1171 4498 mendosa
1188 4445 1221 4500 in
1238 4443 1405 4504 tortiora,

116 4536 171 4593 sed
186 4554 261 4610 quoe
276 4536 312 4591 ob
324 4537 432 4602 sordue
450 4538 617 4611 impietatis
632 4534 832 4607 dffansiouem
851 4538 894 4592 iis
908 4551 1072 4592 contenmm
1084 4536 1142 4592 oisc
1156 4535 1253 4606 legere
1270 4531 1422 4588 sustinui,
