3036 4994
10 224 17 231 “
101 212 160 276 tlt

170 385 198 438 p.
215 369 263 434 50,
282 370 328 423 23.
361 363 578 437 ἀναφλεγομένην]
614 362 656 421 V.
674 362 781 420 Baehr.
800 363 838 420 ad
856 360 934 421 Plut.
952 363 1047 422 Alcib.
1067 382 1095 423 c.
1113 361 1226 422 XVII.

170 536 200 591 p.
217 521 268 583 50,
285 521 330 574 25.
365 521 427 570 ἴκιοι
447 516 543 586 φίλων]
578 512 679 572 Reisk.
702 511 793 568 voluit
818 519 877 568 ἴνιοι
898 512 949 569 τῶν
971 517 1066 586 φίλων,
1091 522 1120 569 et
1144 518 1221 587 post
1241 502 1401 582 πειριύγιενοι

58 628 63 645 ·
104 615 159 681 etp,
181 628 238 685 quo
257 611 306 664 vix
324 626 409 683 opus.
980 600 984 611 '
1324 598 1329 609 '

171 778 200 830 p.
220 763 268 824 50,
286 761 330 814 25.
365 757 461 812 καπνού
481 761 524 811 καὶ
540 758 667 829 ταραχῆς]
702 755 779 813 Plut.
801 754 836 810 de
858 756 902 811 ira
925 753 1022 811 cohib.
1042 773 1070 828 p.
1090 759 1142 813 453
1159 752 1196 812 F.
1224 750 1240 806 d
1270 754 1304 807 tt
1322 747 1405 820 θυμός

104 882 138 896 -
163 857 286 913 ἐξοικίσας
306 855 402 917 τελείως
425 857 468 905 καὶ
492 847 658 915 ἀποκλείσας,
688 848 771 920 οἵσπερ
801 855 827 902 οἱ
848 845 1059 920 συνεμπιπράντες
1083 845 1187 908 ἑαυτούς
1212 855 1277 907 ταῖς
1303 850 1402 906 οἰκίαις,

104 940 189 999 πάντα
208 945 352 1013 ταραχῆς
374 949 416 997 καλ
440 944 568 998 καπνοῦ
591 949 633 997 καὶ
653 943 742 1013 φόφου
761 941 841 1013 μεστοὶ
863 951 930 996 ποιεῖ
945 941 977 994 τὰ
995 939 1077 1004 ἐντὸς,
1098 937 1161 995 ὅστε
1177 935 1240 1010 μήτ’
1265 928 1336 992 {dete
1350 931 1404 1006 μήτ’

106 1035 216 1091 ἀκούσαι
235 1038 284 1092 τὸκ
300 1034 468 1110 ὠφελούντων.

172 1208 202 1261 p-
221 1194 269 1256 50,
288 1194 332 1247 26.
367 1187 499 1251 σκοτίους]
535 1184 639 1248 σκότους
661 1186 692 1240 Β.
712 1185 745 1243 Ε.
765 1183 832 1242 Ald.

173 1356 203 1410 p.
222 1339 269 1404 50,
286 1342 330 1394 26.
366 1334 485 1400 ἇκλννῶς]
519 1331 611 1396 ἀκλεῶς
631 1334 729 1389 Reist..
755 1334 882 1406 conjecit
899 1343 928 1388 et
944 1342 1140 1406 reposuerunt
1156 1333 1216 1388 hoo
1235 1331 1403 1406 Wyttenb.

107 1441 136 1486 et
154 1430 272 1485 Hutten.
292 1447 308 1482 e
326 1428 402 1488 Mez.
421 1438 450 1482 et
469 1427 534 1484 cod.
554 1429 587 1484 P.
620 1427 716 1481 Tenui
739 1422 857 1493 ύκλινολςς
886 1445 954 1482 nam
975 1425 1079 1490 ἀκλινῶς
1101 1431 1199 1499 ῥυέντες
1211 1423 1294 1498 πρὸς
1312 1423 1405 1497 ἡδονὰς

107 1522 244 1578 videntur
263 1522 283 1574 ii
301 1518 377 1583 dici,
403 1521 452 1594 qui
471 1520 506 1574 ad
523 1519 690 1592 voluptates
709 1529 738 1573 et
754 1519 891 1574 libidines
909 1526 1010 1593 turpes
1030 1539 1089 1576 non
1111 1518 1328 1589 declinantes,
1353 1518 1405 1575 eed

106 1627 188 1670 rectu
204 1612 256 1666 lati
273 1620 372 1666 ruunt.
407 1611 482 1667 Vide
500 1610 648 1684 Sosipatri
670 1612 771 1685 Epigr,
792 1611 839 1675 11,
857 1619 901 1669 4..
924 1613 972 1672 ur.
990 1612 1075 1668 AuaL
1093 1612 1115 1669 1.
1134 1631 1164 1687 p.
1184 1602 1257 1668 504.

406 1725 476 1797 ἤνυεν
493 1723 641 1788 ἆκλικίως
657 1725 701 1781 τὸν
719 1727 852 1799 Κύπριδος
869 1724 985 1795 δόλιχον,

107 1841 157 1899 ubi
171 1843 305 1898 similiter
324 1841 372 1897 illa
390 1860 449 1898 vox
465 1841 696 1898 dubitationibus
713 1844 767 1899 fuit
785 1842 923 1901 obnoxia.
959 1845 1077 1903 Jacobs.
1092 1849 1172 1903 enim
1189 1847 1221 1902 in
1240 1846 1407 1907 Aniiuedv.

106 1937 228 1993 Anthol.
253 1937 300 2004 11,
326 1943 363 2007 2..
381 1955 411 2010 p.
437 1942 497 1994 408.
535 1938 662 2010 conjecit
691 1936 832 2006 ἀκένοηαος.
884 1938 1014 2011 Hesych.
1044 1935 1154 2003 ἇνλινῶς·
1177 1941 1320 2014 explicat
1352 1962 1405 2016 per

103 2026 233 2103 ἰἷῤῥεπῶς

175 2200 207 2254 p.
224 2187 275 2246 50,
294 2186 337 2240 09.
373 2178 405 2243 ὥς
420 2203 459 2242 τις
475 2181 542 2249 εἶπε]
584 2179 731 2254 Epicurus
755 2178 871 2234 videtur
903 2179 1110 2256 intelligendus
1134 2199 1218 2249 esse,
1254 2182 1294 2240 de
1325 2188 1402 2257 cujus

108 2271 186 2329 libito
204 2281 260 2348 περὶ
278 2281 369 2346 ἔρωτος
386 2274 448 2329 dixi
465 2273 607 2349 quaedam
625 2292 714 2346 supra
732 2294 760 2345 p.
780 2280 823 2331 99.

178 2443 207 2494 p.
226 2427 278 2488 50,
303 2428 344 2480 30.
381 2417 513 2494 διάχυσιν]
546 2422 590 2477 Ita
613 2421 679 2476 dedi
698 2440 764 2476 cum
778 2419 933 2493 Wyttenb.
959 2432 988 2476 et
1008 2421 1127 2479 Hutten.
1144 2439 1161 2476 e
1177 2420 1258 2495 Xyl.
1284 2443 1361 2484 vers.
1376 2435 1402 2480 et

110 2514 210 2570 Reisk.
239 2517 308 2588 (qui
333 2526 485 2587 praeterea
509 2526 576 2586 post
600 2518 626 2566 δὲ
649 2517 791 2568 insertum
814 2514 907 2567 voluit
936 2500 1113 2582 ἐμποιούσης).
1150 2514 1263 2591 Vulgo
1291 2519 1404 2574 διάλαοα.

111 2607 185 2663 Vide
203 2607 278 2664 Plat.
292 2606 402 2678 Crotyl,
419 2627 447 2680 p.
464 2614 516 2665 419
534 2607 566 2664 C.
586 2617 614 2660 et
632 2606 735 2678 Syinp.
752 2626 780 2678 p.
800 2611 851 2662 206
868 2606 903 2662 E.
923 2605 1081 2676 Wytteub.
1100 2607 1136 2662 od
1149 2607 1230 2665 Plut.
1255 2612 1289 2668 S.
1310 2613 1352 2671 V.
1369 2611 1404 2671 Ν.

112 2719 143 2772 p.
163 2706 221 2756 105.
257 2699 332 2756 Plut.
352 2699 386 2753 de
405 2699 462 2758 def.
481 2717 561 2755 oreo.
579 2717 608 2771 p.
629 2705 680 2755 432
699 2700 731 2755 E.
761 2694 946 2770 θερμότητι
966 2697 1016 2770 γὰρ
1041 2705 1083 2753 καὶ
1102 2697 1266 2766 διαχύσει
1285 2702 1404 2777 πόρους

111 2792 200 2854 τινός
223 2789 367 2862 ἀνοίγειν
387 2789 568 2861 φανταστικοὺς
584 2791 631 2844 τοῦ
646 2797 778 2860 μέλλοντος
795 2789 858 2852 εἰκός
874 2799 947 2845 ἐστιν.

180 2961 207 3014 p.
225 2947 275 3007 50,
300 2947 341 2998 32.
379 2939 423 2995 ούκ
443 2939 473 2995 ἂν
490 2937 505 2994 ὅ
525 2939 603 3001 πολύς
621 2931 731 3012 χρόνος]
765 2939 864 3000 Reisk.
888 2943 1015 3015 conjecit
1040 2939 1086 2996 ούκ
1107 2940 1138 2997 ἄν
1161 2938 1178 3014 ᾖ
1200 2945 1289 3008 πολύς
1304 2944 1404 3018 χρόνος,

115 3033 238 3090 debehat
260 3037 357 3106 potius
384 3035 414 3089 ἂν
438 3042 493 3103 εἴη,
528 3043 558 3087 at
583 3052 618 3088 ne
645 3035 701 3089 hoe
726 3035 843 3108 quidem
869 3036 1080 3098 necessarium.
1122 3034 1287 3108 Wytteuhi
1316 3039 1404 3096 voluit

115 3124 311 3198 φιλοφροσύνης.
348 3125 446 3181 Ούκοῦν
463 3125 542 3186 πολύς
558 3125 650 3198 χρόνος
665 3159 709 3183 -.

182 3294 211 3348 p.
230 3276 278 3340 52,
303 3281 328 3330 1.
363 3272 543 3346 ἐκκαλούμενος
566 3275 611 3337 τὰς
633 3273 716 3346 ὄφιας]
750 3275 847 3331 Etiam
872 3279 944 3333 haec
964 3287 1111 3352 corrupto.
1138 3276 1242 3339 Reiek.
1278 3283 1405 3356 conjecit

118 3373 264 3428 iexiiuoeree
278 3363 324 3428 τός
338 3365 423 3436 όφεις,
439 3373 482 3422 καλ
497 3368 637 3439 καθορῶσι.
670 3368 714 3422 De
732 3374 774 3422 καλ
791 3371 963 3438 consentio,
982 3370 1127 3429 00181111.
1147 3371 1201 3432 Gr.
1220 3391 1254 3446 Ρ.
1274 3381 1344 3435 ¹257
1361 3394 1402 3450 sq.

117 3459 269 3532 Wyttenb.
294 3462 474 3534 suspicatus:
504 3465 710 3533 inxeuuinptpu'voe
734 3485 761 3516 τε
785 3461 831 3524 τὰς
851 3461 935 3534 depae:
972 3463 1035 3530 vei,
1059 3459 1092 3528 ὅ,
1117 3469 1335 3543 ἔκκεκαλυμριένοι
1362 3467 1404 3529 τύς

118 3553 201 3625 ὄφεις,
228 3555 360 3623 καθορῶσι
382 3581 417 3595 -
447 3553 528 3608 intus
546 3552 708 3624 seruntur,
739 3554 924 3630 indolemque
948 3556 1124 3628 attingentes
1148 3574 1278 3630 eorum,
1313 3580 1404 3638 >quom

119 3662 223 3718 operto
233 3649 303 3722 jum
322 3645 490 3720 evoluioque
507 3645 574 3702 visu
592 3644 752 3704 intuentur.

187 3833 216 3888 p.
235 3821 287 3882 52,
305 3821 332 3873 1.
367 3820 523 3885 συγγίνονται
542 3814 583 3869 διὰ
600 3811 696 3885 λόγον]
731 3813 808 3870 Plut.
826 3813 861 3869 de
880 3824 954 3873 seut.
976 3815 1053 3888 proi
1070 3816 1102 3872 in
1113 3803 1189 3872 Ινίυλ.
1206 3834 1238 3891 p.
1258 3825 1295 3878 8⁰
1314 3820 1353 3880 E,
1368 3819 1408 3877 τὸν

121 3907 256 3980 φιλόκαλον
280 3913 322 3962 καὶ
344 3900 488 3980 φιλόσοφονΙ
509 3907 649 3963 συνόντα
672 3907 731 3961 διὰ
756 3909 815 3962 τῶν
840 3907 986 3980 πράξεων
1010 3908 1047 3980 τῇ
1073 3906 1176 3980 ἆροτῇ
1205 3917 1252 3966 καὶ
1278 3912 1410 3987 χρώμενον

122 3998 198 4055 αύτὸν
215 4006 241 4053 ἐν
257 4001 335 4070 ἑαυτῷ
352 4001 431 4075 σιωπῇ
446 4009 510 4072 μέγα
527 4012 636 4073 φρονεῖν.
671 3999 773 4073 Symp.
793 3999 913 4071 Quaest.
931 3994 986 4057 VI.
1001 4021 1030 4075 p.
1044 4007 1094 4059 686
1110 4000 1148 4061 D.
1165 4009 1304 4061 κατέλιπον
1325 4031 1412 4081 παρα-

124 4097 245 4164 δείγματα
260 4093 307 4146 τοῦ
327 4120 361 4135 -
377 4104 525 4149 συνεῖναι
541 4093 596 4147 διὰ
616 4089 719 4164 λόγων
736 4091 900 4161 ἀλλήλοις.
935 4091 1010 4150 Vide
1030 4111 1119 4168 supra
1136 4112 1166 4167 p.
1184 4101 1248 4154 105.

158 4278 170 4291 ·“
191 4287 220 4340 p.
239 4273 287 4332 52,
305 4275 331 4326 t.
365 4271 525 4340 περίκομμα]
559 4284 605 4341 pr.
622 4264 852 4332 circumcisum,
876 4265 954 4341 quod
971 4267 1037 4323 coci
1054 4287 1071 4323 ο
1088 4264 1229 4324 carnibus
1252 4273 1417 4332 eircumci-

126 4356 227 4412 dentes
244 4359 398 4425 auferunt,
417 4369 478 4413 tum
494 4358 621 4414 edulium
637 4357 747 4412 factum
768 4375 783 4412 e
800 4360 902 4431 parvis
920 4361 1053 4416 carnium
1074 4360 1196 4431 frustis,
1213 4363 1371 4438 minutal,
1391 4388 1416 4428 v.

127 4449 166 4506 Is.
186 4449 311 4509 Cesauh.
329 4452 366 4507 ed
383 4452 489 4508 Athen.
510 4452 567 4517 IX,
589 4460 634 4517 7.‚
660 4451 689 4511 h.
701 4449 721 4508 l.
739 4451 900 4525 interprete
920 4451 1101 4509 Schneidero
1119 4471 1145 4511 s.
1159 4472 1190 4512 v.
1207 4455 1334 4518 videtur
1353 4479 1416 4519 esse

128 4543 146 4596 i.
161 4561 188 4616 q.
208 4544 362 4616 περιγραφὴ,
380 4545 515 4616 αερικοαὴ,
536 4544 675 4610 Πυττίος,
694 4555 824 4600 extrema
841 4544 1038 4612 lineamento,
1057 4544 1161 4604 forma.
