3036 4994
580 172 584 177 ⁸
632 182 880 252 ΕΡΩΤΙΚΟΣ.

109 358 141 411 et
162 369 307 413 rursmna

306 447 477 538 Oliberi,
499 473 569 518 non
590 448 719 538 Cypria
740 463 792 519 est
812 462 952 518 ισνιιιιινι
972 447 1118 542 Cypris,

301 551 372 622 Sed
386 553 558 642 plurimis
577 555 766 649 respondet
784 554 986 623 nominibus
1005 558 1093 624 suis.

303 655 370 725 Est
389 656 505 726 Orcus
525 657 606 736 illa,
627 663 681 729 uis
701 673 753 729 est
772 658 1018 746 indomabilis,

302 758 349 828 Ει
368 763 488 831 rabies
508 776 560 830 est
580 766 724 833 insana.

114 865 202 929 Sicut
227 880 258 931 et
282 866 477 950 reliquorum
500 869 568 933 fere
596 874 726 934 deorum
751 870 852 934 nullus
879 870 989 952 effugit
1016 870 1176 933 maledicta
1203 869 1341 934 inscitiae
1366 876 1404 936 ad

116 971 352 1057 cutavioiandum
373 974 490 1039 facilis.
532 974 707 1038 Considera
729 975 807 1037 enim
829 977 985 1051 Martem,
1014 973 1113 1038 veluti
1136 974 1168 1038 in
1188 996 1277 1038 aerea
1303 976 1406 1039 tabula

111 1076 226 1140 Atuori
246 1100 263 1141 e
284 1077 415 1164 regione
435 1075 466 1143 et
484 1083 525 1143 'ad
546 1078 657 1142 lincam
675 1078 869 1161 oppositum,
890 1090 1022 1161 quantos
1038 1079 1068 1142 ei
1087 1081 1224 1143 honores
1242 1080 1407 1145 detulerint

112 1181 271 1259 homiues,
291 1194 322 1246 et
339 1182 488 1265 qualibus
508 1182 644 1246 vicissim
664 1182 812 1263 impetant
831 1183 1006 1248 conviciis:
1036 1192 1038 1197 ⁴

308 1282 458 1371 Caecus,
479 1274 662 1372 retulisses,
685 1298 737 1354 est
757 1283 922 1362 Mauors,
942 1284 1037 1353 nihii
1054 1285 1196 1372 uidens,

305 1384 445 1455 Similis
465 1409 556 1476 apro
576 1411 807 1478 quaecunque
825 1391 1012 1458 conturbat
1034 1388 1114 1456 mal
1139 1436 1149 1459 .

114 1494 159 1556 Et
177 1494 334 1556 Homerus
361 1515 429 1556 eum
450 1489 654 1561 homicidiis
675 1491 854 1583 pollutum
880 1506 975 1558 vocat
1000 1508 1093 1580 atque
1119 1491 1406 1578 ἀλλοπρόσαλλον,

116 1601 201 1680 quod
229 1596 358 1660 subinde
385 1599 423 1658 ab
451 1619 510 1659 una
534 1611 621 1676 parte
649 1602 688 1660 ad
711 1600 839 1662 alteram
863 1599 1027 1664 desciscat.
1076 1599 1272 1682 Chrysippus
1294 1618 1408 1664 nomen

114 1701 229 1765 Martis
248 1697 349 1786 ’Ἀρης
370 1700 578 1785 interpretans
603 1705 760 1768 obtrectat
784 1714 815 1767 et
840 1704 1066 1779 calumniatur,
1095 1694 1137 1767 ita
1165 1727 1344 1788 exponens,
1375 1715 1410 1766 ut

114 1829 216 1868 ansam
247 1806 366 1868 dederit
397 1805 456 1884 iis,
491 1807 546 1891 qui
575 1806 691 1872 rationi
721 1822 944 1894 repugnantem
972 1822 1112 1891 partem,
1141 1808 1173 1871 iu
1204 1832 1264 1893 qua
1293 1807 1410 1871 irarum

112 1915 243 1973 ardores
262 1909 434 1988 exsistunt,
455 1924 564 1992 putent
584 1912 701 1976 Martis
723 1934 802 1976 voce
821 1913 921 1976 innui.
955 1913 1009 1991 Sic
1028 1913 1081 1977 alii
1100 1913 1221 1989 dicent,
1250 1910 1408 1977 Venerem

113 2021 181 2079 esse
209 2015 512 2096 concupiscentiam,
543 2029 574 2079 et
601 2017 796 2080 Mercurium
826 2038 1016 2090 sermonem,
1046 2028 1077 2079 et
1106 2029 1188 2078 artes
1217 2019 1349 2093 Musas,
1380 2028 1411 2080 et

112 2121 293 2185 Minervam
313 2121 508 2204 sapientiam.
549 2121 670 2194 Vides,
697 2132 844 2201 quantum
868 2141 926 2183 nos
950 2131 1068 2182 maneat
1093 2119 1258 2201 impietatis
1278 2120 1409 2198 profun-

115 2229 203 2301 dum,
217 2226 244 2290 si
258 2226 402 2309 singulos
417 2230 492 2290 deos
507 2225 538 2288 in
553 2223 751 2298 affectiones,
765 2223 928 2287 facultates
943 2237 973 2286 et
988 2225 1118 2289 virtutes
1132 2223 1413 2287 transscribamus?

194 2357 294 2419 XlV.
336 2354 461 2429 Video,
484 2353 589 2438 ajebat
609 2355 808 2436 Pemptides,
829 2376 930 2436 neque
949 2358 1026 2417 deos
1046 2352 1158 2416 mutari
1179 2351 1210 2416 iu
1231 2351 1414 2417 affectiones

116 2458 212 2524 animi
238 2460 286 2525 fas
313 2473 373 2536 est,
402 2482 502 2542 neque
528 2461 583 2523 has
609 2481 669 2540 pro
697 2458 757 2522 diis
785 2472 905 2541 putare.
945 2458 1030 2537 Quid
1056 2480 1152 2539 ergo,
1180 2456 1282 2538 inquit
1305 2471 1428 2539 pater3·

116 2568 209 2630 Mars
236 2589 274 2630 an
301 2564 426 2630 videtur
451 2564 510 2628 tibi
531 2564 630 2628 deus?
659 2565 834 2644 Respondit
854 2563 1051 2645 Pemptides,
1082 2565 1218 2626 Martem
1239 2561 1300 2625 sibi
1321 2565 1411 2626 deum

116 2668 218 2733 videri
244 2692 333 2745 euru,
360 2669 415 2754 qui
443 2682 562 2752 partem
583 2668 677 2733 animi
707 2668 889 2731 irascentem
911 2680 942 2731 et
961 2667 1083 2733 virilem
1106 2679 1286 2749 componat.
1328 2669 1411 2730 'l'um

113 2775 291 2839 exclamans
317 2788 430 2854 pater:
470 2778 624 2861 Ergone,
654 2772 775 2857 iuquit,
801 2776 893 2855 ,quod
928 2793 988 2835 nos
1012 2774 1198 2856 perturbat,
1228 2770 1412 2853 Pemptida,

114 2884 202 2962 quod
219 2900 348 2966 pugnax
367 2892 415 2943 est
433 2892 464 2943 et
484 2877 719 2953 adversarium,
739 2881 829 2941 deum
850 2878 966 2941 habet?
992 2879 1079 2960 quod
1099 2878 1232 2952 amoris,
1252 2875 1412 2940 societatis

114 2998 147 3048 et
167 3004 355 3067 congressus
374 2997 422 3048 est
448 2985 575 3061 efficax,
607 3003 645 3046 eo
677 2995 775 3053 caret.
825 2985 885 3046 Est
912 3004 990 3046 vero
1018 2984 1113 3056 deus,
1143 2981 1198 3064 qui
1227 2979 1412 3055 homicidia,

115 3111 220 3164 artata,
249 3087 371 3170 jacula,
405 3112 564 3154 murorum
595 3087 867 3174 oppugnationes,
894 3086 1178 3171 praedationesque
1208 3084 1353 3167 inspiciat
1381 3094 1413 3146 et

117 3197 287 3276 gubernet,
310 3193 469 3281 ,Enyatius
494 3207 524 3256 et
551 3193 686 3257 Stratius
706 3193 778 3258 inde
799 3193 921 3256 dictust
954 3190 1092 3256 adlectio
1113 3190 1207 3253 animi
1227 3205 1258 3256 et
1277 3188 1414 3255 amicitia

117 3297 151 3361 in
170 3298 293 3379 nuptias
315 3309 346 3360 et
375 3298 623 3362 communitatem
644 3296 786 3361 desinens
806 3300 923 3361 nullum
945 3302 1075 3362 deorum
1096 3308 1223 3371 testem,
1254 3294 1413 3377 inspecto·

119 3424 205 3478 rent,
235 3403 344 3465 ducem
371 3399 608 3486 adjutoremque
635 3402 753 3466 habet?
783 3405 846 3465 Sed
872 3424 1001 3484 capreas
1022 3401 1145 3483 quidem
1166 3399 1221 3482 qui
1242 3414 1414 3474 venantur,

115 3521 148 3575 et
167 3509 313 3590 lepores,
341 3507 495 3588 sylvestre
525 3512 680 3594 quoddam
710 3529 823 3572 nunten
853 3519 918 3585 est,
951 3512 1038 3588 quod
1057 3528 1205 3590 praeseus
1229 3509 1414 3569 exhortetur

118 3627 151 3678 et
170 3612 327 3696 adjuvata,
346 3625 377 3676 et
396 3613 543 3679 Aristaeo
566 3627 639 3678 vota
658 3613 793 3689 faciunt,
822 3612 927 3679 foveis
946 3612 1041 3691 actis,
1069 3626 1122 3677 aut
1141 3610 1260 3695 laqueis
1280 3607 1414 3691 positis,

122 3717 178 3802 qui
197 3717 279 3800 lupis
301 3730 355 3781 aut
376 3717 476 3791 ursis,
495 3717 696 3793 insidiantur,
906 3700 911 3709 ¹

312 3819 381 3888 Ille
391 3821 488 3900 feris
504 3822 647 3909 primus
662 3821 811 3909 pedicas
830 3821 920 3911 quin
939 3819 1082 3889 tendere
1101 3818 1238 3902 coepit:

120 3939 152 3992 et
170 3927 340 4004 Hercules,
367 3951 437 3991 cum
459 3939 539 3990 esset
558 3926 702 4010 sagittam
722 3927 774 3991 avi
791 3927 1018 4005 intentatums,
1042 3926 1173 3991 alterius
1194 3922 1245 3988 dei
1265 3919 1415 3986 auxilium

120 4032 287 4116 implorat,
308 4047 340 4097 ut
361 4045 406 4096 est
426 4034 508 4114 apud
528 4030 744 4110 Aeschyluma

318 4133 354 4202 V
352 4148 478 4215 enator
496 4132 632 4224 Apollo
652 4135 823 4220 supinum
841 4146 942 4202 recta
962 4132 1118 4218 diriput:

125 4373 161 4429 B.
185 4378 211 4434 ὅ.
246 4371 389 4447 iuuentam]
407 4372 506 4429 Reisk.
526 4371 676 4443 Peterseu.
711 4369 812 4445 Vulgo
828 4364 933 4444 ἇνιρεῖν.
968 4365 1079 4439 ἀναιρεῖν
1095 4363 1157 4424 ΒΕ.
1175 4362 1330 4438 Wyttenb.

125 4467 169 4524 D.
189 4470 215 4524 6.
250 4466 459 4536 συνεπιθωΰσσει]
477 4463 633 4538 Wyttenh.
652 4483 668 4521 e
686 4464 746 4523 ΒΕ.
764 4463 836 4536 th.
854 4463 933 4524 Mea.
970 4459 1073 4536 Vulgo
1089 4455 1282 4517 συνισιθιιιλσιι.

124 4557 161 4616 Ε.
186 4562 211 4618 1.
246 4556 341 4627 ἰθύνοι]
359 4557 422 4620 ΒΕ.
441 4555 597 4630 Wytteuh.
633 4554 734 4631 Vulgo
752 4554 848 4647 ἰθύνειἸ
