3036 4994
642 209 875 276 ΛΕΙΨΛΝΑ.
1363 213 1401 277 91

111 377 178 451 τοῖς
198 375 277 440 ποσὶ
297 365 458 456 βοηθεῖν·
499 369 570 440 ούτε
590 368 767 459 τετράπους
787 367 805 434 ό
824 367 956 449 νήπιος,
976 369 1044 435 ἐπεὶ
1063 375 1133 447 ταῖς
1151 375 1261 456 χερσὶν
1283 370 1404 459 ύπερεί-

112 478 161 541 δει
186 475 246 556 τήν
271 479 335 540 τῶν
358 473 487 559 βάσεων
517 471 678 561 ὑγρότητα
705 477 762 537 καὶ
786 471 974 536 ἀσθένειαν.
1025 473 1073 536 Τά
1101 474 1137 539 δὲ
1166 475 1229 540 τῶν
1259 472 1420 561 ἐρώντων-

112 577 210 659 πόιθη
232 577 361 657 άληθή·
400 580 605 664 στέργουσιν,
626 575 858 662 έχθραίνουσι,
879 575 936 640 τὸν
955 573 1055 640 αύτόν
1070 577 1237 641 ποθοῦσιν
1255 575 1402 650 ἀπόντα,

111 684 262 771 τρέμουσι
274 678 436 768 παρόντα,
457 678 688 758 κολακεύουσι,
708 679 915 767 λοιδοροῦσι,
935 677 1262 764 προαποθνήσκουσι,
1284 679 1400 768 φονεῦ-

114 806 222 864 ουσιν,
242 784 389 870 εὔχονται
408 783 454 868 μή
475 786 596 871 φιλεῖν,
616 786 673 847 καὶ
690 781 893 848 παύσασθαι
912 783 1081 869 φιλοῦντες
1109 780 1147 844 ού
1170 783 1319 861 θέλουσι,
1339 805 1402 849 σω-

113 887 303 976 φρονίζουσι
315 890 373 952 καὶ
388 887 541 972 πειρῶσι·
562 884 752 951 παιδεύουσι
765 889 821 951 καὶ
836 882 1110 973 διαφθείρουσιν·
1129 883 1238 968 ἄρχειν
1254 886 1402 962 θέλουσι,

112 995 168 1056 καὶ
201 988 362 1056 δουλεύειν
385 989 593 1074 ύπομίνουσι.
635 989 740 1054 Τοῦτο
767 989 872 1069 αἴτιον
893 988 1001 1070 γένονε
1027 983 1171 1070 μάλιστα
1198 989 1256 1051 τοῦ
1281 987 1403 1069 μανίαν

112 1092 352 1184 ὑπολειφθῆναι
374 1093 411 1158 τό
432 1091 555 1168 πάθος.

297 1195 428 1282 Ἥρων·
448 1195 486 1260 τό
503 1191 686 1278 μαίνεσθαι
706 1191 733 1258 δ
755 1190 805 1280 ἄρ’
827 1180 868 1272 ήν
887 1192 967 1281 ἔρως
986 1192 1133 1278 βροτοῖς·

111 1297 263 1386 ε’ρωτικός
282 1296 366 1384 ἀνήρ
388 1295 564 1382 Εὐριπίδης
587 1293 699 1383 φησίν.

190 1397 231 1464 δ’.
264 1398 303 1464 ‘O
320 1397 414 1485 ἔρως,
435 1397 505 1464 οὔτε
524 1398 582 1479 τήν
601 1399 724 1481 γένεσιν
741 1395 894 1486 ἐξαίφνης
909 1395 1068 1481 λαμβάνει
1088 1394 1305 1482 καὶάθρόαν,
1326 1397 1405 1475 ῶςό

112 1499 240 1584 θυμός,
270 1498 341 1566 οῦτε
365 1501 559 1590 παρέρχεται
578 1502 712 1584 ταχέως,
744 1497 860 1584 καίπερ
881 1487 965 1564 εἶναι
980 1498 1100 1580 πτηνὸς
1115 1497 1302 1584 λεγόμενος,
1335 1498 1403 1564 ἀλλ’

114 1602 280 1682 ἐξάπτεται
299 1606 467 1689 μαλακῶς,
493 1605 550 1667 καὶ
568 1601 684 1687 σχεδόν
706 1591 777 1666 οἷον
799 1599 938 1682 ε’ντήκων
957 1601 1087 1668 εἀυτόν·
1108 1600 1278 1690 ἁψάμενός
1302 1626 1335 1668 τε
1348 1606 1406 1683 τῆς

112 1707 220 1791 ψυχῆς
243 1705 421 1790 παραμένει
438 1702 540 1768 πολύν
558 1703 696 1789 χρόνον,
724 1701 796 1768 οὐδ’
821 1704 856 1771 έν
871 1705 1014 1791 γηρῶσιν
1027 1705 1124 1782 ε’νίοις
1139 1703 1406 1790 ἀναπαυόμενος,

111 1806 194 1872 ἀλλὰ
209 1807 243 1871 ἐν
252 1807 382 1882 πολιαῖς
397 1803 549 1890 ἀκμάζων
562 1805 607 1872 ἔτι
622 1805 815 1896 πρόσφατος
832 1811 887 1872 καὶ
902 1805 1037 1894 νεαρός·
1057 1805 1099 1874 άν
1118 1810 1153 1874 δέ
1175 1814 1232 1876 καὶ
1248 1809 1325 1900 λήξῃ
1347 1814 1404 1875 καὶ

110 1910 273 2000 διαλυθή,
293 1907 398 1999 χρόνῳ
416 1911 622 1996 μαρανθεὶς,
649 1905 670 1989 ή
697 1907 782 1998 λόγῳ
806 1911 869 1974 τινὶ
892 1911 1147 1993 κατασβεσθεὶς,
1168 1911 1256 1977 οῦπω
1277 1911 1402 1976 παντοί-

92 2033 211 2079 ·τιασιν
239 2010 476 2092 ε’ξαπήλλακται
492 2014 551 2092 τῆς
568 2015 694 2103 ψυχῆς·
718 2009 784 2077 ἀλλ’
807 2011 1010 2078 ἐναπολείπει
1029 2013 1226 2099 πυρίκαυτου
1245 2009 1325 2094 ῦλην
1347 2019 1404 2079 καὶ

111 2119 231 2199 σημεῖα
250 2114 382 2200 θερμά,
404 2113 560 2203 καθάπερ
579 2118 611 2180 οῖ
629 2118 782 2201 κεραυνοὶ
797 2112 983 2203 τυφόμενοι.
1020 2113 1137 2195 Λύπης
1155 2117 1293 2203 μὲνγὰρ
1311 2114 1405 2182 οὐδέν

114 2215 356 2301 ἀπαλλαγείσης
375 2218 464 2300 ἴχνος
484 2218 518 2282 έν
540 2220 579 2309 τῇ
597 2220 687 2307 φυχή
708 2218 888 2305 παραμένει
905 2220 1091 2298 συνοικοῦν,
1114 2217 1187 2284 οὐδ’
1211 2217 1310 2303 όργής
1327 2242 1406 2307 τρα·

113 2321 204 2407 χείας
217 2317 393 2398 πεσούσης,
409 2321 573 2385 στέλλεται
586 2320 621 2384 δὲ
634 2322 692 2385 καὶ
705 2317 881 2406 φλεγμονὴ,
895 2319 1075 2404 ἐπιθυμίας
1088 2318 1291 2407 παρεχούσης
1303 2320 1407 2408 τραχύ

116 2422 254 2505 κίνημα·
276 2422 317 2485 τὰ
334 2423 369 2487 δέ
388 2422 523 2510 ε’ρωτικά
543 2419 708 2507 δήγματα,
735 2417 799 2486 κόίν
821 2419 947 2513 ἀποστῇ
966 2422 1004 2488 τό
1024 2422 1163 2512 θηρίον,
1186 2422 1244 2490 σῦκ
1264 2424 1407 2507 ἐξανίησι

116 2525 175 2590 τόν
194 2520 261 2590 ι’όυ·
282 2522 365 2589 ἀλλὰ
380 2525 506 2614 ε’νιδροῖ
518 2525 559 2590 τά
579 2525 668 2601 ε’ντός
687 2522 924 2610 σπαράγματα,
949 2529 1006 2592 καὶ
1026 2522 1192 2611 άγνοεῖται
1214 2526 1244 2593 τί
1261 2518 1319 2608 ήυ,
1338 2529 1406 2608 πῶς

117 2629 269 2708 συνέστη,
295 2625 404 2694 πόθεν
426 2625 472 2704 εἰς
491 2626 550 2707 τήν
570 2627 682 2718 ψυχήν
701 2627 856 2692 ἐνέπεσεν.

193 2728 228 2795 ε’.
266 2729 337 2795 Καὶ
362 2727 437 2806 τούς
457 2727 575 2806 καλούς
599 2725 682 2818 όρςῖν
705 2732 766 2810 μέν
795 2728 1078 2815 έπιτερπίστατον,
1105 2725 1270 2817 ἅψασθαι
1291 2735 1326 2799 δέ
1348 2740 1404 2801 καί

114 2832 228 2915 λαβεῖν
244 2831 302 2898 ούκ
316 2831 478 2898 άδύνατον
496 2827 564 2896 οὐδ’
586 2827 773 2895 ἀκίνδυνον·
798 2831 991 2914 μᾶλλονδὲ,
1011 2827 1053 2910 ῶς
1071 2856 1174 2921 φησιν
1191 2834 1209 2899 ό
1228 2829 1402 2921 Ξενοφῶν,

115 2934 153 3000 τό
173 2940 233 3019 μὲν
249 2937 313 3022 πῦρ
332 2934 405 3011 τούς
425 2931 614 3018 ἁψαμένους
629 2930 713 2996 καίει
732 2929 852 3016 μόνον,
880 2935 912 2997 οῖ
937 2934 973 2997 δὲ
991 2936 1088 2999 καλοὶ
1106 2939 1163 2999 καὶ
1184 2935 1257 3012 τοῦς
1274 2938 1405 3024 μακράν

115 3038 254 3116 ε’στῶτας
277 3035 496 3126 ὑφάπτουσιν·
519 3034 617 3122 ἡγὰρ
641 3033 719 3124 ὄφις
738 3035 823 3116 λαβή
844 3037 902 3099 τοῦ
926 3033 1060 3113 πάθους
1078 3035 1152 3101 ἐστι’.
