3036 4994
322 880 1106 1029 ANIMADVERSIONES

688 1143 740 1189 IN

69 1285 476 1370 PLUTARcffl
493 1287 834 1369 nno'rlcas
850 1291 1346 1377 NARRnrloltns,

132 1713 194 1775 Has
212 1720 338 1775 erotioas
357 1720 562 1788 narrationes,
582 1740 655 1798 qnos
674 1721 780 1780 latinas
795 1724 866 1780 iecit
876 1721 1008 1795 Angelus
1019 1721 1193 1780 Potitianis
1209 1723 1241 1778 in
1253 1721 1344 1788 Oner.

66 1810 174 1871 Venet.
202 1820 279 1872 1498.
303 1811 354 1873 iol.
383 1813 468 1881 Alo..
495 1811 601 1890 quibus
627 1815 793 1872 rationibus
813 1826 909 1872 motus
925 1815 1075 1872 Plutarchi
1103 1833 1168 1871 esse
1194 1818 1346 1889 negaverit

64 1901 329 1977 wyttenbachius,
354 1924 416 1962 non
433 1916 552 1980 expnto.
585 1907 687 1983 Neque
706 1908 818 1963 rectius
836 1908 863 1965 J.
885 1908 924 1967 A.
940 1906 1095 1964 Fabricius
1119 1925 1169 1963 eas
1193 1908 1344 1964 aJutiano

63 1997 148 2057 Orat.
160 1997 234 2058 VII.
252 2016 282 2071 Ρ.
291 2005 352 2057 227.
387 1997 559 2071 Πλουτάρχου
577 2003 604 2054 te
622 2005 644 2054 εἰ
658 1997 692 2054 τὰ
707 1998 836 2071 μυθικὰ
852 1997 1040 2070 διηγήματα
1056 2001 1104 2053 τῶν
1120 2001 1171 2054 σῶν
1186 2005 1243 2054 εἴσω
1258 2001 1345 2072 χειρῶν

63 2088 172 2160 opino,
190 2087 223 2145 οὔ
238 2088 294 2147 ποτ’
313 2090 344 2146 ἄν
364 2089 479 2160 ἐλελήθει
492 2111 520 2148 σε
530 2099 579 2146 τίνι
594 2095 706 2164 διαφέρει
725 2090 820 2147 πλάσαι
831 2113 859 2147 σε
873 2095 899 2151 t}
915 2086 992 2161 ἇρχῇς
1003 2091 1100 2162 pitina,
1119 2091 1220 2145 καὶτὸν
1238 2098 1346 2162 κείμενον

60 2181 211 2256 ἰφαρμόσαι
232 2180 374 2257 πράγμασιν
396 2189 495 2246 οἰκείοις
520 2204 542 2238 κ.
564 2206 587 2238 τ.
609 2189 631 2238 7.
657 2181 819 2259 significari
842 2182 962 2239 eredere
985 2182 1112 2240 videtur.
1146 2183 1193 2239 De
1212 2182 1266 2250 iis,
1294 2185 1344 2259 qui

61 2279 189 2333 erotieas
206 2278 393 2333 narrationes
415 2287 645 2351 composnerunt
667 2276 745 2352 apud
763 2274 914 2342 Graecos,
943 2275 990 2332 hie
1007 2276 1152 2333 disserere
1175 2285 1204 2332 et
1224 2275 1343 2350 longum

62 2381 108 2425 est
127 2380 157 2425 et
173 2370 285 2428 inutile.
320 2369 388 2428 vid.
413 2370 455 2427 Le
470 2370 553 2429 Boou
576 2370 611 2427 de
635 2369 765 2426 fontibus
782 2370 934 2427 Parthenii
958 2371 990 2426 in
1011 2369 1098 2429 Mem.
1124 2369 1159 2425 de
1178 2369 1339 2426 I'Acodam.

61 2463 113 2519 deo
128 2463 228 2521 Inscr.
249 2464 285 2522 T.
305 2463 451 2523 XXXIV.
475 2484 504 2539 p.
523 2472 568 2523 63.
603 2463 775 2522 Buttmann.
793 2465 825 2520 in
842 2463 1019 2543 Mythologo
1039 2462 1109 2523 Vol.
1128 2463 1164 2524 IL
1184 2482 1215 2538 p.
1230 2470 1279 2524 115
1293 2482 1338 2539 sq.

62 2554 132 2613 iiber
148 2557 198 2614 die
214 2550 307 2615 Fatel
326 2558 379 2614 der
395 2556 529 2637 Cydippe
546 2567 575 2614 et
591 2557 737 2630 Bottiger.
755 2559 785 2614 in
803 2555 915 2614 Sabino
939 2556 1004 2617 Vol.
1024 2555 1063 2614 II.
1081 2576 1110 2631 p.
1128 2551 1170 2616 512
1184 2563 1228 2617 55.

621 2734 724 2818 Caput
742 2730 771 2797 Ῑ.

124 2915 153 2970 p.
173 2902 267 2961 74.1.
298 2892 436 2968 Ἁλιάρτῳ]
471 2894 545 2952 Edd.
565 2903 630 2950 ante
643 2893 797 2967 Wyttenb.
819 2903 847 2949 et
865 2892 933 2950 libri
955 2892 1063 2950 habent
1080 2910 1181 2948 omnes
1200 2888 1334 2964 ἷθιᾶρνῳ,

58 2999 92 3045 ut
109 2991 197 3045 etiam
217 2988 304 3048 infra.
339 2991 416 3046 Tum
432 3012 469 3050 τις
488 3007 546 3044 om.
564 2987 601 3047 Β.
620 2986 738 3060 ἀλίαρτος
755 2986 822 3044 Atd.

124 3126 153 3181 Ρ.
173 3114 222 3174 74,
239 3113 267 3164 4·
300 3104 396 3178 pitzia
411 3108 446 3171 τι]
480 3107 575 3176 μᾶλλον
592 3129 618 3160 τι
636 3105 668 3163 B.
703 3106 799 3175 μᾶλλον
813 3112 840 3160 τί
854 3108 891 3162 Α.
911 3104 946 3161 Ε.
980 3103 1052 3159 Post
1068 3100 1202 3174 ἡττημένος
1218 3103 1248 3159 in
1263 3099 1332 3158 Ald.

56 3200 161 3256 lacuna
179 3209 305 3274 quatuor
322 3200 482 3256 literarum.

123 3337 153 3391 p.
171 3326 222 3387 74,
240 3324 266 3375 5.
302 3319 422 3390 λεβαδίρ]
458 3321 573 3388 lapicida
598 3319 635 3375 A.
654 3318 688 3377 Β.

123 3456 152 3511 p.
171 3441 269 3503 74,}o.
303 3439 337 3505 τῷ
360 3441 406 3492 Λα
423 3439 458 3506 τῷ
480 3439 589 3505 βασιλεῖ]
624 3435 698 3494 Vide
726 3434 841 3492 Miilter.
868 3433 1045 3493 Orchomen.
1071 3452 1100 3505 p.
1125 3438 1184 3491 152.
1221 3429 1330 3487 Bockh.

55 3530 145 3604 Corp.
165 3529 260 3588 lusor.
281 3528 345 3589 Vol.
366 3531 388 3588 1.
406 3549 436 3604 p.
455 3538 515 3588 779.

121 3670 151 3723 Ρ.
170 3656 218 3716 74,
235 3658 262 3708 9.
296 3649 431 3714 Βοιωτῶν]
465 3649 572 3718 βαιοτῶν
589 3646 657 3705 Ald.

123 3787 153 3843 Ρ.
171 3767 284 3838 74511.
317 3762 488 3841 repereritis]
523 3764 585 3838 πρὸς
605 3762 685 3819 αὐτῶν
703 3762 805 3820 Petet.

118 3907 148 3960 p.
166 3895 213 3954 74,
233 3894 275 3946 18.
309 3882 325 3939 ὁ
350 3886 377 3939 51
398 3886 641 3957 παρεσκευασμένος]
680 3881 754 3938 Post
778 3884 805 3936 11
830 3880 953 3935 inseruit
978 3873 1134 3950 Wyttenb.
1158 3874 1201 3946 ἧκε
1226 3891 1263 3929 ex
1292 3876 1326 3931 E.

52 3979 111 4036 Sed
135 3981 273 4055 qnoniam
295 3977 337 4036 ibi
360 3979 391 4034 in
411 3978 542 4052 margine
569 3973 612 4042 ἧκε
634 3974 671 4031 ad
691 3973 793 4030 eadem
812 3972 926 4049 quidem
947 3989 1035 4027 manu
1059 3969 1169 4024 altitum
1197 3979 1242 4023 est
1266 3984 1327 4021 non

52 4082 153 4128 notato
172 4073 256 4141 loeo,
284 4090 341 4148 quo
361 4071 508 4146 pertinere
531 4068 656 4124 voluerit
675 4063 790 4132 scriba,
810 4081 904 4140 neque
920 4060 1065 4118 difficilem
1085 4058 1172 4116 habet
1192 4060 1326 4115 nomina-

51 4167 129 4220 tivus
151 4167 300 4240 participii
319 4162 470 4220 absolutus
487 4161 680 4235 explicatum,
701 4156 772 4214 illud
788 4155 940 4212 admittere
957 4152 1096 4212 dubitavi.
1112 4182 1147 4195 -
1166 4153 1243 4208 Tum
1255 4150 1323 4210 Ald.

51 4256 120 4316 Bas,
138 4255 227 4328 iuyor
242 4277 296 4331 pro
315 4254 412 4329 inpar,
430 4257 531 4313 Petav.
546 4250 651 4316 τούτους
667 4270 721 4326 pro
736 4249 846 4314 τούτοις.

116 4396 147 4450 Ρ.
165 4384 212 4444 74,
230 4383 274 4435 20.
308 4375 480 4443 Κισσόεσσαν]
514 4373 591 4431 Plut.
611 4373 663 4431 vit.
680 4370 809 4444 Lysand.
827 4386 853 4427 c.
872 4365 1016 4425 XXVIII.
1043 4363 1092 4421 ὑπὸ
1109 4362 1155 4434 τὴν
1171 4362 1259 4438 κρήνην
1275 4363 1320 4433 τὴν

50 4473 251 4525 Κισσοῦσαν.
283 4470 357 4527 Vide
376 4469 493 4528 Miilter.
510 4465 648 4523 Orchom.
666 4483 695 4540 Ρ.
712 4468 746 4524 45
764 4483 809 4538 sq.
1362 4400 1430 4654 Ι

115 4610 145 4665 Ρ.
164 4597 212 4658 74,
230 4595 274 4648 21.
308 4590 452 4658 προτέλεια]
486 4585 624 4656 πρωτόλεια
639 4581 676 4643 Β.
705 4585 822 4655 πρστέλια
836 4581 874 4637 A.
908 4576 984 4633 Tum
1002 4578 1069 4630 Bos.
1089 4574 1218 4643 θήσουσα.

115 4702 209 4755 11111.
245 4696 268 4752 Ι.
981 4671 1053 4734 15*
