3036 4994
1281 226 1339 290 235

128 386 157 442 p.
177 375 224 433 θλ,
244 377 285 427 17.
320 369 369 424 τῶν
384 371 505 440 γυναικοῖν
522 351 636 445 labitur]
672 373 715 428 Ita
734 373 853 448 reposui
871 392 908 429 ex
925 373 959 430 E.
978 392 1032 449 pro
1050 376 1166 453 vulgato
1181 381 1231 435 uuir
1244 401 1335 452 μονοι-

61 459 111 514 ιιῶν
129 460 246 534 ἐρώντων.
279 461 433 535 Wytteuh.
453 474 482 518 et
498 463 617 520 Hutten.
637 464 790 522 ediderunt
807 485 821 522 e
840 465 916 523 Mea.
935 467 984 522 mir
999 478 1142 540 paramum
1159 472 1263 546 ἐρώτων.

127 630 156 685 p.
174 618 223 680 62,
243 619 283 670 18·
315 619 343 667 τί
364 616 391 669 δὲ
412 610 470 680 οὐχὶ
492 618 610 681 πλείονα]
645 615 763 673 Versus
785 628 853 672 sunt
875 619 985 673 senarii
1000 618 1124 677 forsitan
1140 637 1156 676 e
1173 620 1335 681 Menandro

57 707 151 778 petiti.

389 847 419 860 —
438 823 467 872 τί
481 815 509 871 d'
527 813 597 885 οἷιχλ,
613 822 728 879 πλείονας
742 820 792 874 τοῖν
808 818 927 874 παιδικῶν

324 910 477 984 οἰκειότητας
493 919 628 984 ἐμβλέπων,
644 910 803 974 duorum,-

320 1003 442 1078 ἆμένειος,
460 1003 555 1071 dualia
572 1015 615 1064 nal
629 1006 706 1072 καλός
719 1016 822 1072 νεανίας.

57 1120 134 1176 Tum
152 1120 234 1176 deest
249 1139 354 1178 versus
373 1122 497 1198 aliquis,
516 1125 599 1198 cujus
615 1124 741 1180 forsitan
758 1126 902 1181 sententia
918 1124 992 1182 fuit:
1017 1128 1071 1182 εἶτα
1086 1126 1161 1182 coiri
1177 1150 1209 1200 pe
1225 1133 1336 1198 ἐποίησιν

50 1211 172 1282 εὔχεσθαι
187 1225 242 1278 τοῖς
258 1219 387 1278 παιδικοῖς
751 1222 754 1235 “
1155 1209 1158 1213 ’

320 1329 421 1404 ἐμφύντ’
439 1328 599 1403 buobarde,
622 1340 664 1389 rui
681 1334 866 1408 ἐπιγράμματος
881 1347 968 1405 τυχεῖν.

54 1450 113 1506 llic
132 1469 237 1507 rursus
255 1452 388 1508 senarius
406 1462 462 1507 est.
496 1452 611 1528 Quidni
628 1472 699 1508 vero
716 1454 941 1528 respiraverim,
959 1453 1063 1510 videus
1082 1454 1288 1530 multoplures
1306 1468 1334 1510 et

56 1545 190 1620 majores
201 1545 344 1618 juvenum
361 1543 440 1598 iuter
455 1563 487 1599 se
496 1542 761 1614 familiaritates?
788 1546 855 1617 Ego
870 1547 922 1620 qui
938 1566 1032 1603 essem
1042 1549 1162 1625 juvenis
1178 1546 1330 1614 imberbis,

56 1635 224 1690 molliculus
246 1651 273 1690 ee
285 1635 454 1705 formosus.
499 1636 541 1692 Id
564 1657 609 1690 me
626 1634 707 1706 serit
732 1653 854 1710 optare,
884 1653 913 1693 ut
936 1639 1093 1713 amplesrus
1120 1639 1240 1696 amasio
1265 1658 1330 1699 meo

56 1748 205 1794 morerer,
233 1743 261 1783 ec
281 1730 344 1804 ejus
363 1714 415 1783 rei
432 1746 523 1782 causa
547 1727 664 1808 titulum
685 1729 877 1802 sepulcralem
903 1730 1101 1806 adipiscerer.
1134 1730 1328 1789 REISKIUS.

55 1819 167 1876 Reisisii
191 1823 266 1876 ratio
287 1822 359 1876 haec
383 1829 409 1876 el
431 1820 457 1876 δ’
483 1818 729 1889 obliuisceretur
750 1824 871 1879 παιδικῶν
893 1823 1028 1881 versibus
1045 1826 1233 1901 sequentihus
1254 1825 1330 1898 adji-

54 1916 178 1980 cientis,
203 1916 273 1970 satis
295 1925 340 1970 est
363 1917 447 1971 mira.
482 1915 539 1970 Sed
558 1917 628 1988 quin
646 1916 692 1970 hic
708 1926 786 1970 totus
803 1916 886 1970 locus
906 1927 1028 1972 truncus
1052 1919 1090 1973 sit
1112 1930 1141 1974 et
1164 1919 1328 1984 mutilatus,

55 2026 93 2063 ne
115 2007 239 2067 dubites.
282 2008 441 2082 Equidem,
471 2025 528 2080 quo
551 2016 675 2061 metrum
698 2007 799 2062 saltem
822 2011 1017 2077 resarciatur,
1050 2011 1156 2082 scripsi
1180 2010 1331 2079 οἰκειότητος

56 2101 168 2156 codicis
195 2100 229 2158 E.
262 2101 433 2156 auctoritate
457 2108 552 2153 motus
577 2116 631 2172 pro
657 2099 775 2172 vulgato
800 2098 956 2168 οἰκειότητα,
984 2101 1015 2156 ni
1036 2100 1133 2174 legere
1159 2102 1242 2157 unalis
1264 2120 1331 2157 cum

57 2193 130 2250 God.
152 2194 320 2249 Hermanno
342 2191 483 2262 οἰκειότητα
499 2190 525 2246 ‹5'
543 2197 674 2264 ἐμβλέπων.
707 2190 753 2246 Ah
774 2191 878 2258 eodem
896 2193 1055 2266 prudenter
1078 2193 1242 2250 admonitus
1261 2204 1331 2269 per·'
1391 2221 1393 2226 ’

56 2307 172 2346 versem
196 2289 462 2361 interpunctionem
489 2287 534 2346 ed.
553 2283 707 2359 Wyttenb.
732 2287 859 2352 mutari,
895 2305 950 2362 qua
980 2297 1120 2343 commate
1149 2286 1328 2342 incideretur

57 2392 125 2456 post
150 2381 312 2448 ὠλίσθανον,
344 2380 394 2436 sed
423 2390 532 2454 puncto
564 2391 632 2454 post
656 2378 737 2442 καλός.
783 2379 858 2435 Nam
885 2380 959 2444 καλὸς
983 2399 1050 2436 curn
1074 2382 1217 2454 proximis
1234 2383 1329 2437 'artis-

58 2476 130 2530 sime
156 2476 309 2540 cohaeret,
338 2485 371 2529 ut
394 2475 431 2529 sit
450 2474 524 2535 καλὸς
543 2472 604 2530 riuus
627 2471 683 2530 τινὰ
705 2473 751 2529 vel
773 2480 814 2547 epe
836 2472 949 2546 ἐμφύντα
974 2471 1123 2529 ἅπαθανεῖν.
1165 2475 1251 2531 Nunc
1274 2492 1328 2548 pro

58 2568 138 2624 virili
166 2579 249 2643 parte
274 2569 446 2624 senteutiam
472 2579 591 2643 poetae,
627 2586 712 2643 quem
738 2567 906 2642 Euripidem
928 2586 992 2624 esse
1016 2577 1148 2631 autumo,
1177 2567 1329 2623 enucleare

58 2659 199 2721 conabor.
235 2662 426 2729 Plutarchus,
454 2680 511 2738 quo
540 2681 632 2736 usque
659 2664 779 2718 insanus
804 2680 961 2736 puerorum
983 2680 1064 2717 amor
1082 2680 1255 2737 progressus
1274 2663 1328 2728 sit,

57 2766 90 2810 ut
109 2756 251 2822 declaret,
274 2767 376 2830 poetae
395 2757 517 2830 alicujus
536 2755 621 2811 affert
637 2774 760 2821 versus,
788 2753 892 2830 quibus
911 2756 1097 2810 continentur
1115 2754 1241 2808 hominis
1261 2770 1329 2824 per-

57 2849 119 2905 dite
141 2851 264 2906 amantis
282 2869 369 2907 voces
388 2868 557 2925 precesque.
593 2849 660 2921 Ego
672 2847 836 2916 ‚laruilimi
858 2863 1012 2923 conspecto
1037 2867 1070 2904 eo
1092 2846 1229 2920 delapsus
1253 2863 1328 2912 sum,

56 2959 87 3000 ut
110 2945 256 3001 dicerem:
281 2943 403 3020 juvenis
433 2942 575 3000 imberbis
600 2943 699 2999 mollis
724 2957 751 2996 et
770 2941 888 3016 pulcer,
922 2940 972 2997 rui
1002 2940 1151 3013 implexus
1179 2934 1282 2992 obeam
1304 2948 1331 2988 et

56 3035 175 3091 titulum
200 3036 394 3110 sepulcralem
415 3032 584 3091 aarrcisbar.
627 3033 781 3090 Geminam
804 3034 903 3108 prodit
927 3034 1087 3109 nequitiam
1112 3039 1212 3088 votum
1233 3025 1331 3084 Ovidii

57 3129 200 3184 Amorum
216 3128 254 3184 ΙΙ.
274 3129 309 3183 el.
325 3128 364 3184 X.
380 3146 426 3186 vs.
443 3132 476 3184 35
493 3146 558 3202 sqq.

258 3247 300 3303 Ar
317 3245 395 3302 milii
411 3245 563 3317 contingat
582 3244 710 3301 Veneris
727 3245 912 3317 langues-cere
928 3260 1026 3310 motu,

322 3337 347 3394 C
346 3359 394 3393 um
412 3338 548 3405 moriar,
565 3338 694 3394 medium
711 3338 812 3394 solvar
828 3353 855 3393 et
874 3337 952 3392 iuter
969 3355 1058 3412 opus,·

257 3437 349 3506 Atque
364 3431 489 3505 aliquis,
508 3446 611 3486 nostro
628 3430 793 3486 lacrimaris
815 3431 846 3486 iu
856 3427 980 3500 firrrere,
998 3430 1098 3485 dicat:

323 3523 502 3582 Coriaeriieus
520 3524 600 3580 uitae
617 3544 699 3580 mars
707 3522 773 3596 suit
793 3524 854 3580 isra
869 3543 951 3584 suae.

58 3642 192 3717 Propert.
211 3643 235 3702 Ι.
255 3644 289 3700 el.
306 3645 359 3701 VI.
377 3663 420 3700 vs.
439 3650 472 3702 25
490 3663 555 3720 sqq.

257 3765 309 3822 Me
325 3764 409 3831 sirie,
427 3783 512 3839 quem
529 3782 645 3837 semper
662 3760 755 3817 voluit
764 3758 891 3830 sorruua
911 3760 1021 3824 iacere,

323 3857 415 3914 Hauc
432 3857 567 3912 animam
585 3870 736 3910 extremae
753 3854 873 3908 reddere
891 3853 1048 3927 nequitiae.

258 3950 350 4006 Multi
367 3948 525 4022 longinquo
540 3947 657 4021 periere
675 3946 709 4001 iu
726 3964 828 4000 amore
844 3944 984 4011 liberarer,

323 4040 363 4098 In
381 4060 505 4116 quarum
524 4059 645 4096 numero
663 4059 709 4094 me
726 4046 836 4114 quoque
853 4054 933 4094 terra
951 4052 1037 4109 tegat.

60 4183 110 4239 ubi
128 4204 154 4240 v.
174 4185 330 4241 Burmann.
350 4194 379 4240 et
395 4183 560 4242 Broclshus.
579 4182 616 4238 ad
634 4181 680 4249 II,
704 4189 736 4249 7,
758 4189 800 4240 08.
835 4175 1015 4237 Philetaerus
1040 4197 1086 4251 ap.
1113 4177 1219 4235 Athen.
1246 4173 1331 4230 ΧΙΙΙ.

59 4297 88 4351 p.
107 4284 156 4336 587
174 4277 206 4332 Ε.
239 4277 379 4339 Valolsen.
398 4277 435 4334 ad
452 4277 554 4350 Eurip.
572 4275 723 4350 Hippolyt.
747 4293 790 4332 vs.
809 4280 869 4332 441.
908 4272 983 4328 Plut.
1004 4290 1064 4326 non
1089 4287 1177 4344 posse
1204 4268 1331 4322 suaviter

57 4370 119 4426 vivi
142 4386 198 4424 sec.
214 4370 332 4444 Epicur.
350 4391 379 4446 p.
399 4377 467 4430 1094
483 4371 521 4428 Α.
538 4377 589 4424 ἐστι
603 4377 649 4441 μὲν
667 4366 710 4423 οὖν
725 4372 836 4423 ποικίλον
853 4371 894 4420 καὶ
911 4364 1039 4432 liupdrud
1056 4361 1201 4435 φιλήδονον,
1220 4357 1286 4414 οὔασι
1304 4363 1334 4441 dl

57 4486 95 4524 τις
114 4468 221 4535 ἐρωμένῃ
242 4461 398 4531 πλησιάσας,
426 4460 476 4518 ὑπὸ
493 4463 575 4534 χαρᾶς
597 4458 785 4533 ἐβουθύτησα,
811 4456 870 4513 oid'
897 4456 1011 4526 ηὔξατό
1034 4480 1071 4519 τις
1092 4459 1241 4527 ἐμπλησθεὶς
1260 4450 1331 4517 datur

57 4557 74 4626 η’
92 4552 225 4627 πεμμάτων
242 4554 493 4624 posthabuistis
516 4552 710 4610 ἀποθανεῖν.
726 4585 758 4597 -
778 4550 946 4607 ’olivarum
966 4569 1034 4606 vero
1053 4548 1251 4620 imprudenter
1272 4544 1332 4599 ali·
1365 4620 1368 4625 Ι

58 4669 116 4726 quo
139 4647 274 4704 devenire
293 4647 461 4723 sensimque
483 4668 503 4704 a
519 4649 680 4724 proposito
697 4643 816 4712 deduci,
843 4644 1000 4717 interprete
1028 4642 1060 4699 C.
1083 4641 1137 4697 ee.
1160 4639 1338 4693 Remum
1365 4632 1371 4641 '
