3036 4994
1363 172 1421 238 129

134 333 212 390 Num
227 334 318 408 igitur
335 339 360 389 ολ
372 339 497 406 φοίνικας,
513 331 531 403 ἢ
548 333 638 398 συκᾶς,
659 329 812 402 ζευγνύντες,
831 326 941 384 uiriliter
957 333 1000 383 καῖ
1016 326 1107 403 inpar.
1141 328 1324 406 colligantur
1340 333 1418 389 enirn

93 428 296 502 palmarum
322 437 352 483 et
377 423 486 482 licumn
511 427 664 501 utriusque
691 443 779 479 sexus
807 424 884 478 rami
909 422 1121 494 concipiendae
1146 424 1306 481 fertilitatis
1333 445 1417 501 ergo.

93 508 296 609 {Salmapuis
315 521 386 576 llaec
407 530 575 576 notaverat:
603 514 757 588 καθύπερῆ
774 515 920 588 φοίνικες“
903 541 919 587 η
939 517 1018 584 σύκα,
1037 516 1068 588 cip
1084 510 1240 588 elprarairp'
1224 540 1307 592 αωρον
1325 519 1416 591 ἄνδρα

93 614 122 727 'pp
100 588 194 669 Sed
211 614 283 669 hoec
300 614 381 673 alius.
415 611 608 671 REISKIUS.
643 611 731 667 Forte
749 615 893 684 καθαπερει
909 617 1002 680 φοίνικι
1021 608 1169 679 συκάμινον,
1191 609 1274 685 ἄωρον
1294 611 1373 686 ἄνδρα
1389 636 1419 670 π.

94 686 494 777 ιιῖὟλίΤΤλλΝΒΑΟΗΙΠὸ
530 701 623 764 ῙιιΒ.
645 704 751 760 lacuna
775 715 820 760 est
841 703 1002 770 tredecim,
1029 703 1118 761 inu.
1141 702 1241 760 decem
1256 705 1418 767 literarum.

107 799 202 861 OEtsi
225 801 294 876 quid
314 803 469 875 scripserit
487 801 661 856 Plutarchus
683 809 712 854 et
736 797 883 874 quomodo
901 796 1006 852 lacuna
1028 795 1172 869 explenda
1200 799 1257 864 sit,
1285 797 1422 857 difficilli-

168 912 217 948 um
236 908 280 949 est
297 896 467 967 conjectura
490 895 621 968 assequi,
639 903 736 947 tamen
757 891 851 966 qualis
871 889 975 946 debeat
990 889 1049 944 loci
1068 891 1211 945 sententia
1230 908 1313 959 esse,
1330 897 1426 951 maui-

125 994 132 1009 ’·
166 996 241 1041 stum
254 997 316 1054 est,
339 989 370 1042 in
389 1006 477 1062 quam
498 989 673 1060 interpretes
691 984 857 1040 mirandum
878 994 922 1038 est
942 982 1072 1038 noluisse
1089 985 1254 1039 accuratius
1266 985 1425 1060 inquirere.

139 1142 141 1147 y
162 1096 250 1134 ensus
271 1081 349 1135 enim
368 1081 459 1134 totius
482 1079 541 1134 loci
570 1079 617 1133 liic
639 1088 704 1131 est:
732 1076 871 1132 Ridicule
888 1075 1025 1133 videmur
1044 1075 1190 1131 invertere
1207 1076 1340 1133 Hesiodi
1357 1077 1433 1134 illuri

175 1187 342 1244 acceptum,
370 1172 423 1246 qui
441 1171 524 1249 jubet
550 1172 635 1227 uiros
659 1188 738 1226 αιιιιο
759 1169 870 1224 aetatis
896 1169 1053 1240 trigesimo
1081 1169 1310 1226 matrimonium
1332 1168 1429 1236 inire,

135 1256 158 1275 '²
177 1262 248 1319 ellos
267 1283 338 1320 vero
363 1264 478 1319 decimo
500 1282 577 1319 νιοιιο
596 1281 690 1329 cirino,
716 1262 747 1317 si
766 1261 865 1329 virum
883 1262 1077 1318 immaturum
1098 1263 1213 1318 circum
1233 1262 1430 1337 appendimus

139 1342 261 1437 {tutiori
283 1371 380 1432 aetate
401 1356 605 1429 provectiori,
636 1355 883 1429 quemadmodum
908 1373 961 1408 usu
988 1355 1089 1410 venire
1116 1355 1188 1410 solet
1214 1355 1246 1411 in
1264 1354 1378 1430 palmis
1404 1369 1432 1411 et

132 1444 260 1506 leubus.
297 1447 430 1514 Etenim,
454 1459 486 1503 ut
503 1449 584 1522 prius
602 1465 698 1502 sermo
718 1443 771 1501 fiat
788 1446 822 1501 de
841 1445 950 1519 palma,
978 1447 1074 1521 palma
1092 1447 1222 1504 mascula
1241 1449 1431 1522 conjungitur

134 1559 208 1596 ¹eum
228 1541 326 1596 fructu
345 1541 488 1607 feminae,
515 1550 546 1594 ut
569 1558 621 1613 per
643 1539 785 1605 culicem,
812 1540 861 1614 qui
885 1557 921 1595 ex
944 1539 993 1595 illa
1015 1542 1138 1607 transit,
1165 1540 1290 1598 feminae
1314 1542 1431 1598 a1boris

128 1614 259 1719 {romum
276 1635 362 1689 citius
382 1643 558 1687 maturescat
578 1643 606 1686 et
622 1632 755 1689 tenacius
773 1633 900 1690 haereat
938 1632 1028 1705 Cujus
1048 1635 1094 1689 rei
1110 1636 1194 1690 testis
1209 1636 1431 1711 antiquissimus

114 1726 222 1836 lsipue
245 1727 492 1800 locupletissimus
518 1735 563 1780 est
585 1724 797 1780 Herodotusl.
817 1744 844 1786 c.
864 1732 920 1784 193.
951 1733 998 1781 etot
1019 1731 1048 1782 δι’
1063 1749 1109 1798 σφι
1128 1735 1278 1798 φοίνικες
1297 1725 1433 1799 πεφυκότες

105 1816 187 1879 riri
205 1821 255 1874 πᾶν
270 1817 300 1874 aa
323 1823 426 1874 πεδίον·
454 1826 478 1873 οῖ
495 1820 595 1880 πλειυες
614 1817 695 1873 αὐτῶν
712 1817 924 1892 καρποφόροι,
914 1826 939 1873 ἐκ
955 1822 1004 1874 τῶν
1021 1825 1064 1875 και
1085 1828 1154 1877 σιτία
1174 1828 1216 1876 καλ
1235 1827 1302 1875 αἶνον
1320 1846 1362 1876 και
1354 1826 1434 1893 μέλ’

118 1913 278 1968 ποιεῦνται·
306 1912 365 1974 τούς
387 1920 507 1967 συκέων
526 1910 622 1983 τρόπον
642 1909 827 1981 θεραπεύουσι,
855 1911 885 1966 τά
907 1936 934 1966 τε
957 1910 1036 1976 ἄλλα,
1062 1919 1105 1967 καὶ
1125 1920 1245 1984 φοινίκων
1262 1913 1321 1975 τούς
1338 1921 1435 1982 λ’ρσινας

93 2040 98 2075 .·
137 2002 251 2075 Ἕλληνες
274 2011 401 2070 καλέουσι,
423 2006 519 2061 τούτων
535 2005 578 2059 τὸν
596 2005 691 2077 καρπὸν
711 2009 853 2077 περιδέουσι
869 2006 926 2076 τῇσι
944 2002 1145 2076 βαλανηφόροισι
1167 2006 1217 2059 τῶν
1236 2012 1370 2076 φοινίκων,
1392 2009 1434 2061 ira

140 2106 246 2171 πεπαίνῃ
262 2107 292 2154 τέ
308 2120 353 2170 σφι
376 2097 390 2153 ὁ
414 2097 466 2169 ψὴν
483 2099 529 2168 τὴν
549 2097 658 2167 βάλανον
676 2095 783 2152 ἐσδύνων
803 2105 845 2152 καὶ
861 2096 895 2168 μὴ
919 2093 1029 2169 ιλπορρέρ
1047 2093 1061 2151 ὅ
1082 2096 1175 2170 καρπὸς
1201 2092 1214 2151 ὅ
1237 2097 1283 2151 τού
1305 2104 1433 2169 φοίνικος·

140 2193 223 2261 ψῆυας
248 2193 296 2265 γιλρ
322 2190 447 2264 φορέουσι
469 2198 495 2245 ἓν
512 2191 546 2260 τῷ
572 2190 656 2262 καρπῷ
680 2197 705 2244 οῖ
724 2197 834 2263 ἴρσενες,
863 2188 973 2263 κατάπερ
1000 2190 1029 2260 δὴ
1056 2197 1081 2245 οἱ
1103 2190 1216 2246 ὄλυνθοι.
1239 2190 1305 2248 coll.
1325 2191 1437 2250 Athen.

140 2286 228 2344 XIV.
248 2304 278 2359 p.
296 2291 346 2342 601
365 2285 398 2343 C.
435 2284 478 2339 De
497 2280 611 2338 licubus
633 2301 681 2338 res
705 2285 814 2342 notior.
850 2283 913 2339 Fici
940 2285 1018 2338 enim
1042 2283 1196 2355 sylvestris
1217 2285 1279 2339 sive
1301 2279 1436 2356 caprifici

141 2386 232 2453 (quae
247 2377 371 2433 Graecis
390 2377 497 2433 dicitur
510 2373 586 2449 ἀγρία
603 2378 681 2445 συκῆ,
700 2372 820 2447 ὁιρινὸς,
837 2375 941 2451 ἐρατὸς)
958 2377 1071 2432 fructus
1089 2396 1239 2452 nunquam
1255 2378 1435 2444 maturescit,

143 2472 196 2527 sed
213 2470 291 2546 quod
310 2473 373 2544 ipsa
393 2468 576 2536 nonhabet,
596 2468 661 2524 aliis
682 2470 819 2543 impertit.
857 2468 965 2528 Grossi
982 2471 1060 2525 enim
1077 2467 1219 2538 (ὄλυνθοι,
1236 2469 1268 2525 τὰ
1287 2475 1374 2543 {paral
1399 2488 1437 2527 cx

143 2561 285 2636 caprilico
304 2564 435 2637 decerpti
452 2560 587 2619 ficulneis
604 2560 761 2618 arboribus
781 2564 1018 2636 suspenduntur,
1037 2575 1070 2619 ut
1087 2582 1161 2640 quos
1179 2562 1337 2639 caprificus
1356 2567 1435 2637 parit

145 2657 253 2712 culices
272 2657 393 2726 (ψῆνες),
412 2657 434 2712 ii
450 2654 556 2712 crebro
573 2673 675 2711 morsu
690 2653 764 2711 licus
779 2656 816 2712 ad
834 2658 1029 2712 maturitatem
1046 2656 1217 2731 perducant.
1255 2656 1341 2729 Quod
1361 2657 1435 2715 dici·
1483 2664 1487 2673 '

145 2760 192 2804 tur
214 2746 345 2821 ἰριιάζειν,
373 2745 537 2815 ὄλονθιὶζειν,
566 2752 693 2818 ψηιίζειν,
723 2747 911 2822 caprificare.
953 2748 1130 2805 Aristoteles
1155 2749 1232 2805 Hist.
1258 2753 1359 2808 Auim.
1386 2750 1434 2815 V,

143 2849 194 2906 26,
213 2848 238 2900 2.
274 2847 305 2898 Οἱ
321 2840 347 2896 δ’
365 2848 454 2914 λρινεοῖ
472 2848 497 2896 οῖ
512 2848 537 2896 ir
555 2851 607 2903 τοῖς
629 2849 731 2914 ἐρινεοῖς
750 2847 835 2908 έχουσι
855 2837 916 2902 τούς
938 2846 1108 2912 καλουμένους
1129 2842 1251 2912 ψῆνας·
1277 2849 1387 2911 γίγνεται
1409 2845 1436 2897 δέ

141 2936 219 2990 τούτο
239 2937 339 3008 πρῶτον
355 2933 507 3004 σκωλήκιον,
535 2940 589 2989 εἶτα
608 2939 797 3007 περιρραγέντος
813 2934 859 2987 τού
877 2937 1000 3006 δέρματος
1019 2940 1145 2988 ίκπέιεται
1168 2933 1246 2987 τοῦτο
1265 2932 1437 3002 ίγκαταλιπιλν

146 3025 160 3082 ὅ
182 3026 252 3097 ψὴν,
282 3035 323 3083 καὶ
346 3026 469 3083 εἰσδύεται
490 3033 525 3088 εἰς
545 3023 578 3080 cti
601 3026 650 3080 τῶν
673 3027 753 3081 συκῶν
771 3023 843 3100 ίρινελ
865 3031 908 3080 καὶ
930 3027 1073 3097 διασιομῶν
1096 3035 1164 3081 ποιεῖ
1181 3023 1216 3096 με’,
1236 3021 1385 3097 ἀποπίπτειν
1404 3025 1438 3081 rit

146 3120 226 3191 ίρινύ·
262 3121 301 3175 διὸ
326 3120 553 3193 περιύπτουσί
573 3142 601 3174 τι
625 3118 657 3172 cii
678 3119 769 3191 λριιὰ
791 3119 855 3193 πρὸς
876 3116 921 3180 τὰς
941 3118 1043 3179 συκᾶς
1065 3124 1089 3172 οῖ
1110 3124 1217 3190 γεωργοὶ
1239 3123 1281 3173 καῖ
1302 3116 1438 3189 φυτεύουσι

147 3217 253 3280 πλησίον
271 3219 325 3273 ταῖς
342 3223 427 3275 συκαῖς
442 3211 559 3286 ίρινεούς.
594 3212 744 3286 Theophr.
765 3212 803 3273 H.
828 3212 871 3270 Pl.
896 3212 942 3277 ΙΙ,
962 3220 987 3271 9.
1018 3211 1092 3269 Ptin.
1111 3211 1189 3271 Hier.
1208 3212 1276 3272 Nat.
1294 3212 1368 3278 XV,
1389 3220 1436 3280 19,

148 3310 191 3360 21.
217 3301 307 3368 XVI,
325 3308 376 3368 λλ,
393 3307 436 3360 50.
461 3301 570 3370 XVII,
587 3310 638 3369 27,
658 3305 701 3361 lt.
736 3304 814 3362 Plut.
834 3302 954 3375 Quaest.
974 3301 1112 3376 Sympas.
1130 3303 1207 3371 Vll,
1231 3313 1256 3364 2.
1285 3325 1315 3380 p.
1334 3311 1384 3365 700
1402 3306 1436 3362 F.

148 3392 240 3450 καὶτὸ
261 3394 310 3448 τῶν
329 3391 421 3468 ἀγρίαν
440 3396 584 3468 ἐρινεῶν,
613 3395 630 3451 ii
654 3408 709 3459 ταῖς
724 3395 825 3469 ἡμέροις
846 3394 1099 3469 περιαπτόμενα
1121 3409 1232 3462 συκαῖς
1254 3395 1373 3473 ἀπορρεῖν
1391 3397 1437 3454 οδκ

149 3491 178 3557 ἐρ
195 3486 238 3542 τὸν
255 3485 368 3556 καρπὸν,
394 3484 457 3542 ἁλλὰ
480 3495 573 3555 συνέχει
596 3495 637 3543 καὶ
662 3498 855 3546 συνεκπεπαίνει.
892 3489 1019 3545 Pollucis
1039 3488 1194 3558 0n0111.1,
1220 3500 1269 3559 12,
1287 3501 1347 3553 242.
1372 3490 1386 3548 ir
1410 3497 1437 3548 δὲ

148 3582 194 3650 τῆς
213 3589 307 3654 ε’ρινέου
326 3579 434 3653 καρπὸς,
460 3577 489 3643 ὅς
507 3588 573 3636 ἐστιν
597 3579 702 3655 ελγρια
721 3585 820 3650 σῦκα,
847 3591 939 3656 ἴρινα
957 3589 1082 3651 καλεῖται,
1113 3583 1130 3640 ii
1151 3591 1193 3640 καί
1215 3588 1439 3661 περιάπτουσ,

147 3683 203 3735 ταῖς
223 3684 357 3740 συκαῖς,
386 3671 452 3735 ὅπως
466 3675 503 3745 μὴ
521 3671 649 3747 ελποπίπτῃ
670 3673 684 3730 ὅ
705 3673 815 3744 καρπός·
842 3677 871 3731 τὸ
892 3681 918 3731 δὲ
938 3677 969 3731 τύ
993 3685 1061 3747 ίρινα
1083 3684 1223 3751 συλλέγειν,
1249 3677 1266 3749 ἢ
1287 3681 1436 3752 περιαρτᾷν,
1457 3661 1467 3666 -

151 3766 304 3831 συκάζειν
333 3773 434 3837 λέγουσι
467 3769 614 3840 (Hesych.
646 3788 669 3823 s.
703 3767 876 3834 συκαζιινι
912 3775 1001 3837 κνίζειν
1027 3779 1053 3828 ir
1080 3782 1136 3836 ταῖς
1164 3780 1291 3848 ἐρωτικαῖς
1320 3772 1436 3844 ὁμιλίαις,

151 3859 270 3915 Strattis
288 3879 334 3934 ap.
352 3859 460 3919 Athen.
480 3861 563 3920 XlIl.
582 3883 612 3936 p.
631 3865 681 3919 592
699 3863 736 3921 D.

416 3985 459 4035 ιιαλ
473 3978 519 4048 τὴν
533 3985 665 4052 Λαγίσκαν
681 3979 726 4051 τὴν
742 3978 902 4056 ἷῙσοκρύτους
916 3982 1044 4054 παλλακὴν

416 4077 477 4128 treta
493 4097 525 4144 με
541 4073 752 4140 συκάζουσαν
770 4077 872 4133 εὐναίαν
888 4085 935 4143 ἔτι,

413 4162 457 4220 τόν
473 4163 495 4220 τ’
513 4164 672 4237 αὐλοτρύπην
691 4163 790 4234 αύτύν.)

152 4273 288 4346 ib.VlI,
308 4286 437 4348 32,144.
471 4281 504 4337 τύ
524 4288 550 4340 δε
568 4285 619 4349 ζῶα
637 4282 669 4340 τύ
685 4292 710 4340 ἓν
727 4297 781 4348 τοῖς
798 4286 898 4354 σύκοις,
920 4291 1212 4360 ψῆνεςκαῖκνῖπις.
1248 4278 1435 4368 Ελγιιιολρλλ

153 4376 216 4437 108,
236 4376 276 4429 10.
308 4371 537 4448 ἅνηρίναστος,
564 4375 579 4432 ὃ
599 4382 634 4449 μὴ
653 4380 749 4451 κρατῶν
765 4378 784 4433 εἲ
801 4387 863 4447 ἕχει,
887 4376 940 4436 ἄλλ’
959 4380 1124 4452 inauditae·
1149 4383 1200 4442 ἇπὸ
1220 4389 1269 4443 τῶν
1290 4389 1370 4442 συκῶν
1387 4388 1437 4443 τῶν

150 4462 185 4534 μὴ
212 4467 354 4534 κρατουσῶν
372 4464 416 4521 τὸν
440 4470 536 4539 καρπὸν
544 4511 552 4536 ,
578 4470 619 4525 διὰ
642 4470 672 4525 τὸ
693 4469 729 4543 μὴ
755 4475 924 4544 ἐπιβληθῆναι
945 4473 1033 4540 αύταῖς
1051 4475 1111 4540 τούς
1133 4476 1298 4544 ὀλύνθους
1317 4478 1369 4536 α’πὸ
1389 4482 1438 4534 τῶν

150 4557 291 4628 ἐρινεῶν.
321 4568 374 4620 τοῖς
392 4556 440 4630 γύρ
459 4558 578 4626 ὃλύνθοις
597 4563 646 4618 τῶν
665 4560 756 4637 ιῖγρίσιν
776 4568 856 4622 συκῶν
868 4565 958 4639 φύεται
970 4577 1067 4644 θηρία,
1086 4578 1184 4642 ίμπίσιν
1201 4571 1295 4646 ὅμοια,
1321 4571 1436 4644 ιῖπρσσ·

218 4664 312 4718 ιιυτ.
349 4660 371 4716 1.
1094 4666 1115 4725 t
