3036 4994
590 180 592 184 .
633 111 883 212 racemos
1352 154 1392 218 a

65 316 69 379 l
113 307 333 372 Chalcidenses
364 307 526 370 victoriam
553 305 773 381 obtinuerunt,
807 307 998 371 Cleomacho
1024 310 1183 392 inpugna
1210 311 1393 377 interiecto·

65 416 69 484 i
111 413 191 494 Ejus
217 415 390 494 sepulcrum
415 414 446 476 in
475 413 549 477 loro
570 425 741 476 monstrant
761 412 996 486 Chalcidenses,
1027 414 1077 477 cui
1096 416 1257 479 etiamnum
1280 439 1390 501 magna

65 526 68 588 t
112 517 227 584 insistit
253 519 405 581 columna.
447 517 589 591 Cumque
615 529 684 580 ante
712 519 876 580 masculum
896 539 1031 580 amorem
1052 519 1295 600 vituperassent,
1324 535 1389 585 tum

65 662 67 672 ›
111 623 212 687 altero
227 622 323 708 magis
343 621 475 704 amplexi
490 636 559 685 sunt
573 634 664 705 atque
678 624 925 685 honoraverunt.
966 622 1152 702 Aristoteles
1168 625 1388 691 Cleomachum

113 727 237 812 quidem
258 728 367 792 scribit
389 740 559 801 mortuum,
586 750 654 789 carin
682 749 784 809 pugna
812 726 936 790 vicisset
957 727 1168 806 Eretrienses,
1194 752 1261 792 eum
1289 753 1388 804 vero,

113 832 173 895 serii.
188 834 325 895 osculum
346 831 476 894 amasius
497 832 597 914 dedit,
618 831 713 894 luisse
733 835 770 895 de
788 831 1045 896 Chalcidensibus
1061 854 1077 894 e
1091 832 1244 909 Thracia,
1266 833 1389 897 missum

112 936 230 999 auxilio
252 936 509 1000 Chalcidensibus
530 936 788 999 Euboeensibus:
816 936 921 1017 itaque
947 934 1016 997 cani
1041 938 1122 1017 apud
1150 934 1389 1000 Chalcidensesz

113 1038 146 1106 0
161 1041 290 1127 poert,
304 1041 429 1130 quibus
450 1041 562 1107 donae
580 1039 723 1121 pratiae
742 1039 892 1129 bonique
904 1050 1074 1129 parentes
1086 1039 1300 1122 obtiqerunt,
1321 1062 1391 1104 noir

111 1144 263 1212 invidete
283 1145 383 1212 bonis
393 1144 541 1219 formae
560 1154 593 1209 ct
614 1144 743 1209 uetans
752 1143 923 1219 fructum.
965 1141 1052 1211 Cum
1064 1142 1278 1221 fortitudine
1298 1143 1393 1209 enim

110 1250 221 1315 ctiam
246 1249 407 1315 rraenzbra
436 1242 572 1315 soluens
597 1269 701 1313 amor
730 1248 768 1313 iu
797 1244 1077 1314 Chalcidensium
1097 1250 1210 1326 floret
1238 1247 1393 1316 urbibus.

112 1351 1390 1434 Dionysiuspo‘c'tainquaestionibus‚Antonemamatoris,amasiinornenPhilistum

112 1457 233 1539 prodit.
265 1459 359 1538 Apud
373 1478 447 1534 uos,
464 1459 636 1538 Pcmptida,
651 1460 818 1519 Thebanos
833 1478 934 1521 noune
947 1469 1067 1520 amator
1080 1457 1223 1521 amasium
1238 1471 1392 1521 armatura

114 1546 226 1636 donat,
246 1561 396 1642 inscripto
417 1561 539 1624 nomine
558 1558 704 1624 ardetae?
727 1561 865 1625 Mutavit
884 1575 983 1625 autem
1005 1560 1143 1626 ordinem
1165 1561 1271 1647 gravis
1287 1584 1390 1624 arma·

115 1679 202 1729 turae
228 1668 422 1740 Parrrmenes‚
452 1666 619 1730 arnatorius
643 1669 754 1740 horno,
784 1679 814 1730 et
840 1668 1010 1731 Homerum
1036 1666 1187 1748 culpavit,
1217 1681 1250 1731 ut
1276 1665 1391 1731 amoris

113 1770 269 1850 ignarum,
284 1771 336 1853 qui
352 1776 518 1834 secuudum
533 1770 631 1833 tribus
646 1784 676 1834 et
690 1770 791 1840 curias
805 1771 977 1835 institueret
991 1771 1163 1853 manipulos
1178 1772 1389 1846 Achaeorum,

112 1897 212 1958 neque
236 1887 401 1938 amatorem
426 1873 514 1957 juxta
536 1874 680 1939 amasium
707 1874 910 1953 collocasset,
941 1888 975 1940 ut
1002 1875 1047 1939 sic
1069 1876 1146 1939 illud
1168 1877 1276 1950 fieret,
1305 1877 1392 1957 quod

112 1978 178 2061 ipse
199 1978 296 2056 dixit,

308 2080 454 2174 Aspida
473 2094 556 2148 tanc
575 2093 728 2168 scutum,
753 2080 894 2165 paleam
920 2068 1045 2166 palea,
1075 2091 1182 2170 atque
1201 2080 1318 2146 uirum
1337 2079 1394 2145 uir

304 2183 508 2253 Fulciebatr
530 2221 568 2232 -
586 2224 626 2233 -

114 2339 195 2403 quae
214 2317 281 2382 sola
301 2328 348 2378 est
368 2313 482 2379 invicta
498 2313 591 2377 acies.
631 2315 709 2377 Nam
728 2313 855 2376 tribules
869 2312 1032 2394 prolecto,
1052 2311 1236 2388 familiares,
1256 2315 1394 2397 adeoque

114 2435 259 2504 parentes
286 2419 375 2485 ctiam
403 2430 433 2482 et
458 2418 575 2483 liberos
601 2429 686 2497 suut,
717 2419 771 2501 qui
797 2421 950 2501 deserant.
989 2420 1054 2485 Per
1083 2417 1199 2481 medios
1227 2429 1393 2480 anaatorem

115 2539 147 2590 et
167 2526 310 2590 amasium
337 2523 438 2588 nullus
464 2546 595 2608 unquam
616 2523 789 2605 penetravit
807 2522 924 2587 hostis:
954 2522 1007 2608 qni
1027 2521 1135 2594 etiam,
1157 2522 1238 2585 nulla
1260 2514 1392 2607 cogente

116 2631 310 2704 necessitate,
342 2639 496 2693 ostentant
521 2627 677 2690 audaciam
703 2651 787 2691 suam
814 2642 844 2693 ct
869 2628 952 2692 vitae
971 2640 1170 2691 contemtum.
1210 2624 1263 2689 sie
1284 2627 1392 2690 Thero

116 2735 284 2799 Thessalus
309 2733 463 2797 sinistram
490 2730 600 2814 parieti
625 2731 791 2814 applicuit,
819 2747 850 2799 et
873 2754 946 2795 ense
973 2736 1083 2797 dextra
1109 2732 1219 2795 stricto
1246 2730 1392 2812 pollicem

114 2839 298 2920 amputavit,
318 2859 496 2922 provocans
517 2841 635 2901 adhoc
655 2837 864 2902 aemulandum
879 2837 1018 2902 rivalem.
1058 2836 1149 2900 Alius
1163 2836 1304 2919 quidam,
1324 2858 1392 2897 cum

114 2945 146 3009 iu
167 2966 270 3029 pugna
291 2942 453 3007 cecidisset
474 2941 503 3004 iu
524 2941 652 3018 faciem,
672 2946 710 3005 ab
725 2944 813 3006 hoste
828 2941 889 3025 jam
903 2941 1005 3006 icturo
1020 2940 1124 3022 petiit,
1146 2954 1180 3004 ut
1200 2951 1394 3021 exspectaret

113 3049 280 3132 tantisper,
308 3052 378 3112 dum
407 3070 439 3111 se
462 3047 493 3109 in
513 3060 633 3128 tergum
658 3059 871 3122 converteret,
900 3069 938 3110 nc
965 3046 1095 3110 amasius
1122 3068 1190 3109 eum
1219 3044 1336 3108 videret
1360 3043 1392 3107 iu

114 3168 206 3235 tergo
229 3155 435 3216 vulneratum.
476 3154 549 3215 Non
570 3155 662 3216 modo
682 3152 786 3232 itaque
804 3150 1057 3217 bellicosissimae
1077 3164 1184 3232 gentes
1205 3149 1303 3214 anaori
1323 3160 1393 3212 sunt

117 3257 340 3330 deditissimae,
369 3251 505 3333 Boeoti,
535 3255 793 3331 Lacedaemonii,
824 3255 1011 3322 Cretensest
1043 3260 1150 3320 sedet
1175 3259 1211 3319 de
1234 3254 1392 3323 veteribus

117 3359 297 3444 Meleager,
323 3357 482 3435 Achilles,
508 3359 737 3433 Aristomenes,
759 3359 887 3435 Cimon,
908 3359 1150 3441 Epaminondas.
1192 3361 1271 3422 Nam
1292 3370 1323 3422 et
1342 3358 1393 3421 hic

118 3464 250 3529 amasios
272 3462 381 3526 habuit
400 3462 570 3544 Asopicum
593 3476 624 3528 et
645 3464 913 3544 Cephisodorum,
943 3463 996 3548 qni
1019 3485 1087 3527 cum
1112 3485 1150 3528 eo
1174 3469 1256 3546 apud
1274 3460 1392 3527 Manti-

117 3593 204 3634 neam
226 3566 392 3643 occubuit,
418 3589 454 3629 ac
472 3565 560 3648 juxta
579 3570 715 3651 sepultus
735 3583 794 3633 est.
834 3571 878 3632 Et
897 3571 990 3646 Mo†
1009 3567 1230 3647 terribiliorem
1250 3567 1393 3631 hostibus

117 3675 250 3750 lactum,
279 3675 366 3757 quod
390 3672 507 3754 primus
535 3671 719 3739 substitisset
743 3688 773 3739 ct
792 3673 927 3738 feriisset
948 3676 1123 3739 Eucnamus
1143 3671 1392 3755 Amphisseosis‚

147 3840 375 3865 β

120 3944 155 4002 Β.
174 3942 226 4000 ult.
244 3939 275 3997 'is'
293 3938 369 4006 niro]
387 3936 448 3996 BE.
482 3938 583 4014 Vulgo
594 3942 636 3993 tia
653 3936 727 3996 uisu.

120 4037 154 4093 C.
177 4041 204 4094 5.
239 4029 316 4106 ἐπῄει]
337 4030 435 4087 addidi
451 4048 466 4086 e
482 4049 544 4086 urea
562 4033 739 4103 conjectura.

121 4129 153 4187 C.
182 4126 221 4185 ih.
241 4125 393 4198 φιλόψυχον]
409 4124 546 4180 Fortasse
563 4127 740 4196 μεγαλόψυχον
755 4125 967 4201 corrigendum.

123 4219 155 4279 C.
173 4220 224 4276 ult.
241 4216 286 4290 μὴ]
310 4235 346 4273 ex
367 4215 433 4274 Rus.
455 4216 533 4277 Mea.
558 4217 696 4276 additum.

123 4313 161 4374 D.
185 4319 210 4370 1.
247 4309 398 4381 tdp1ll1ez.
432 4309 531 4385 Vulgo
549 4309 606 4380 ἤδη.

123 4405 169 4469 D.
180 4412 207 4462 4.
240 4401 442 4474 Ἐπαμινώνδας]
469 4402 622 4478 Wyltenb.
640 4406 748 4462 mavult
763 4403 971 4476 Ἐπαμεινώνδας.

124 4496 162 4554 D.
185 4495 224 4555 ih.
249 4498 325 4565 ἔσχεν]
349 4495 409 4553 ΒΕ.
445 4493 539 4572 Vulgo
557 4504 620 4565 Ισχε.

127 4588 165 4646 D.
190 4582 399 4656 il).'.4onm16v]
420 4588 529 4650 Reislt'
551 4589 646 4665 Vulgo
663 4588 803 4647 'Aouannin
