3036 4994
452 169 690 239 crocinus
705 163 978 238 nuncnunc.
1116 146 1123 159 “
1321 172 1380 243 ss·

59 331 206 420 equinum
226 333 330 398 album
357 336 397 396 ad
419 330 576 411 virginum
599 329 776 413 sepulcrum
797 321 986 395 immolaret.
1026 332 1230 417 Pelopidam,
1258 340 1360 404 adbuc

57 438 318 504 Lacedaemoniis
344 439 427 520 apud
453 439 593 518 Tegeam
620 449 723 500 castra
752 436 963 510 habentibus,
996 436 1133 514 misisse,
1167 438 1223 525 qui
1250 445 1290 505 de
1319 464 1359 506 eo

58 545 205 624 sepulcro
237 541 451 625 explorarent.
499 541 644 624 Cumque
671 564 736 604 reru
762 539 805 604 iu
832 544 949 604 habere
975 563 1015 604 ex
1045 542 1113 625 ejus
1143 543 1216 609 loco
1245 545 1359 611 ineolis

58 648 248 732 accepisset,
268 649 453 733 confirmato
469 647 572 711 animo
587 646 761 711 exercitum
777 644 808 708 in
824 645 920 709 aciem
936 647 1141 729 produxisse,
1164 649 1357 737 victoriaque

59 775 126 819 esse
146 753 293 838 potitum.

676 907 739 968 IV.

134 1040 265 1104 Phocus
294 1037 449 1102 Boeotius
484 1048 571 1110 erat,
610 1035 751 1098 Glisaotc
782 1036 861 1096 urbe
895 1047 998 1098 natus.
1048 1034 1168 1100 Habuit
1199 1035 1225 1098 is
1264 1037 1357 1101 liliam

57 1140 264 1217 Callirhoen,
293 1139 525 1221 pulchritudine
549 1136 702 1222 juxtaque
728 1139 877 1222 pudicitia
898 1153 1118 1223 praestantem.
1159 1141 1262 1226 Hujus
1283 1166 1359 1209 cou-

53 1245 175 1327 jugium
196 1249 387 1328 expetebant
406 1242 534 1326 triginta
555 1242 685 1324 juvenes
698 1267 716 1308 e
731 1256 796 1308 tota
811 1246 965 1310 Boeotico
981 1244 1144 1327 juventute
1158 1247 1359 1314 nobilissimi.

54 1352 186 1415 Pbocus
200 1372 272 1412 curn
287 1349 363 1411 alias
377 1370 417 1411 ex
431 1347 501 1412 aliis
515 1348 680 1414 dilationes
694 1348 872 1432 nuptiarum
885 1351 1027 1426 lecisset,
1048 1373 1065 1414 a
1082 1352 1113 1416 ri
1126 1352 1187 1416 sibi
1203 1367 1359 1419 rraetueus:

53 1457 178 1519 tandem
198 1452 262 1517 illis
284 1452 483 1535 urgentibus,
508 1452 696 1537 postulavit,
720 1466 754 1518 ut
773 1454 918 1540 Apollini
939 1457 1059 1536 Pythio
1078 1455 1230 1540 judicium
1251 1459 1360 1541 spousi

55 1558 140 1622 filiae
160 1556 317 1642 deligendi
336 1559 564 1640 permitterent.
604 1558 656 1622 Illi
671 1558 798 1643 indigne
817 1559 955 1626 serentes
974 1565 1055 1626 hauc
1076 1561 1144 1646 ejus
1166 1565 1359 1640 orationem,

54 1664 143 1728 facto
163 1662 281 1744 impetu
300 1661 456 1727 bominem
476 1662 716 1728 interfecerunt.
757 1663 865 1748 Virgo
892 1664 923 1729 iu
944 1687 988 1729 ¹eo
1009 1669 1142 1731 tumultu
1163 1668 1289 1750 effugit,
1321 1693 1359 1733 ac

53 1791 113 1851 per
133 1765 294 1849 regionem
315 1765 404 1831 istam
425 1789 458 1831 se
478 1766 660 1848 proripuit,
679 1767 916 1854 insequentibus
936 1769 1033 1855 ipsam
1054 1770 1234 1855 juvenibus.
1276 1774 1357 1839 Cum

53 1886 155 1937 autem
177 1871 335 1937 incidisset
354 1873 386 1936 in
407 1871 543 1936 rusticos
563 1874 753 1938 frumentum
780 1873 813 1938 in
838 1875 959 1939 horreo
983 1889 1225 1958 componentes,
1253 1881 1293 1942 ab
1320 1880 1358 1943 iis

53 1989 178 2042 servata
198 1989 258 2041 cst.
299 1978 550 2043 Occultaverunt
568 1962 649 2041 enim
671 2001 737 2042 eam
751 1977 784 2042 in
800 1977 971 2044 frumento.
1013 1980 1123 2060 ltaque
1145 1981 1189 2056 ii,
1204 1981 1258 2064 qui
1275 1984 1359 2046 iusc-

53 2085 246 2168 quebantur,
273 2082 445 2146 transvecti
465 2095 536 2146 sunt
556 2105 666 2173 cursu.
707 2080 761 2146 Sic
788 2095 932 2157 servata,
960 2083 1152 2164 praestolata
1172 2097 1220 2148 est
1239 2097 1359 2166 tempus

52 2186 191 2251 solennis
222 2186 359 2250 omnium
386 2188 584 2250 Boeotorum
616 2198 810 2261 conventus,
841 2207 921 2269 qnae
951 2186 1170 2252 Pambocotia.
1191 2203 1359 2254 vocantur.

53 2293 150 2370 Quod
170 2289 224 2353 ubi
246 2291 386 2373 appulit,
414 2289 594 2354 Coroneam
615 2289 760 2373 prolecta
782 2289 914 2371 supplex
935 2291 1079 2356 consedit
1103 2291 1136 2356 in
1163 2314 1215 2358 ara
1237 2295 1359 2359 Itoniae
1420 2360 1423 2366 ,

53 2395 240 2470 Minervae,
262 2417 299 2457 ac
319 2400 358 2460 de
378 2393 498 2458 scelere
518 2415 690 2474 procorum
711 2406 881 2480 conquesta
898 2408 962 2473 est,
984 2395 1109 2461 nominc
1128 2412 1159 2463 et
1173 2399 1273 2481 patria
1294 2399 1358 2464 siu·

54 2502 202 2582 gulorum
233 2499 389 2562 indicatis.
436 2498 583 2562 Miserati
611 2499 744 2580 puellam
775 2498 928 2575 Boeotii,
962 2505 1357 2587 succensueruot'procis.

53 2604 115 2681 Hi,
136 2626 174 2670 eo
196 2619 376 2687 comperto,
399 2605 632 2668 Orchomenum
654 2603 888 2688 confugerunt:
912 2605 1094 2691 exclusique
1115 2611 1154 2671 ab
1176 2608 1358 2690 oppidanis,

51 2709 211 2792 Hippotes
231 2711 475 2781 contenderunt,
497 2712 583 2792 quod
603 2720 650 2771 est
664 2707 845 2792 oppidulum
860 2711 900 2772 ad
913 2708 1113 2788 Heliconem,
1133 2712 1215 2777 iuter
1229 2716 1357 2778 Thebas

53 2828 87 2879 et
100 2813 279 2878 Coroneam
294 2811 400 2878 situm.
433 2811 484 2876 Ibi
499 2835 577 2896 ergo
591 2813 720 2878 fuerunt
734 2812 866 2894 recepti.
901 2814 1061 2879 Miserunt
1075 2815 1187 2881 deinde
1201 2817 1357 2893 Thebani,

53 2918 110 3003 qui
130 2917 201 2984 dedi
222 2939 425 3002 percussores
446 2918 550 2981 Phoci
569 2916 730 2999 juberent.
772 2918 916 3002 Cumque
937 2940 999 2982 non
1021 2922 1229 2992 dederentur,
1259 2942 1357 3000 expe-

53 3023 202 3089 ditionem
229 3023 261 3086 in
281 3024 438 3105 Hippotae
465 3044 525 3085 una
552 3045 622 3085 cum
650 3021 719 3085 aliis
739 3022 874 3086 Boeotis
900 3021 1061 3097 fecerunt,
1092 3025 1171 3086 duce
1200 3025 1355 3101 Phoedo,
1470 3047 1476 3060 ’

53 3140 119 3194 tum
141 3131 367 3193 Thebanorum
387 3139 555 3209 praetore:
584 3130 780 3210 obsessoque
801 3124 967 3207 oppidulo,
996 3130 1083 3208 quod
1104 3126 1251 3190 munitum
1273 3140 1377 3215 erat,-

55 3233 108 3298 siti
128 3238 235 3300 hostes
256 3232 288 3297 in
308 3243 493 3315 potestatem
514 3237 716 3314 redegerunt.
756 3230 899 3295 Proinde
919 3233 1163 3312 comprehensos
1183 3232 1356 3298 homicidas
1379 3216 1384 3223 ¹

55 3339 214 3421 lapidibus
242 3341 436 3401 obruerunt:
469 3335 611 3420 reliquos
634 3335 845 3418 Hippoteuses
872 3333 904 3397 in
930 3335 1112 3399 servitutem
1138 3339 1357 3414 abduxerunt,

56 3444 217 3527 murisque
244 3457 274 3508 et
295 3441 439 3505 domibus
459 3440 641 3515 destructis,
670 3464 782 3527 agrum
809 3440 892 3504 inter
912 3441 1082 3503 Thebanos
1101 3453 1133 3504 et
1153 3441 1356 3506 Coroneoses

57 3549 240 3618 diviserunt.
281 3550 329 3611 Ea
350 3560 459 3620 nocte,
480 3567 560 3627 quae
575 3545 784 3627 Hippotarum
805 3542 964 3607 excidium
980 3544 1165 3628 praecessit,
1187 3568 1296 3610 vocem
1315 3570 1354 3611 ex

57 3654 212 3720 Helicone
233 3655 348 3716 crebro
370 3651 503 3715 auditam
524 3654 652 3713 tradunt
672 3650 826 3715 dicentis:
860 3651 1003 3713 Adsum:
1035 3662 1067 3713 et
1086 3653 1207 3732 probos
1226 3650 1354 3734 triginta

59 3759 268 3834 intellexisse,
287 3780 354 3820 earu
376 3756 479 3819 Phoci
500 3779 566 3818 esse
588 3777 710 3818 vocem.
752 3756 819 3834 Qua
834 3767 934 3818 autem
956 3754 1006 3818 die
1025 3754 1183 3838 lapidibus
1202 3767 1274 3823 snut
1295 3760 1356 3817 ob-

59 3985 277 3999 ..ιη-ιι--ι-

61 4143 100 4196 Α.
123 4145 149 4195 6.
185 4142 343 4206 κατέλευσαν]
362 4147 517 4192 mer‘auuour
534 4137 622 4192 ABE.
643 4138 740 4192 Peluv.
761 4137 827 4193 Ald.

64 4234 97 4290 B.
125 4242 150 4290 1.
191 4233 338 4303 Θηβαιεῦσι]
362 4231 431 4304 xyl.
453 4241 482 4286 ct
503 4228 656 4302 Wyttenb.
693 4231 793 4305 Vulgo
815 4233 931 4302 Oqtriet.

64 4322 101 4382 B.
120 4322 160 4382 ib.
183 4326 337 4397 Κορωνεῦσι]
359 4321 513 4396 Wyttcub.
535 4341 549 4377 e
569 4323 629 4378 BE.
649 4323 751 4378 Venet.
772 4323 874 4379 I'etnv.
895 4325 960 4380 Bas.
980 4321 1050 4395 Xyl.
1088 4319 1183 4393 Vulgo
1203 4323 1337 4390 Kapoutan.

67 4415 100 4473 Β.
123 4422 150 4471 4.
191 4417 291 4482 Φώκου]
310 4416 396 4473 ΑΒΕ.
417 4405 518 4473 Peta'v.
555 4415 649 4489 Vulgo
667 4416 713 4470 τοῦ
732 4414 832 4472 Φώκου.
