3036 4994
611 202 613 206 ¹
630 214 724 281 ΕΡΩ
730 215 812 280 ΤΙΚ
817 212 883 281 ΟΣ.
1359 217 1399 283 st

110 391 223 463 poetae
250 392 280 444 ct
310 379 547 459 legumlatores,
576 400 678 460 neque
707 377 814 441 andire
843 376 1069 459 philosophos,
1096 376 1197 462 neque
1222 377 1398 460 intelligere

110 497 261 568 possunt,
280 487 402 566 quando
420 483 454 546 hi
475 483 558 547 ideas
578 488 741 564 quasdam,
770 493 800 545 et
821 503 980 556 numeros,
1000 495 1031 546 et
1051 481 1198 558 unitates,
1211 497 1250 555 ‚et
1269 485 1398 566 spiritns

111 611 174 670 pro
194 587 254 651 diis
272 599 402 671 ponunt.
442 588 586 670 Denique
606 587 737 651 maxima
758 601 805 650 est
822 586 1041 650 sententiarum
1067 587 1230 653 diversitas
1252 603 1281 654 et
1304 611 1398 670 repu-

113 694 250 777 gnantia.
290 695 381 774 Ergo
409 691 489 757 sicut
512 693 586 757 olim
608 694 732 756 fuerant
758 691 892 755 Athenis
913 703 975 753 tres
1002 691 1173 768 factiones,
1193 695 1397 770 Paralorum,

113 800 343 881 Epacriorum,
377 797 603 873 Pediaeornm,
637 798 719 861 inter
744 819 777 860 se
804 797 966 862 discordes
996 808 1028 859 et
1057 796 1165 860 animis
1195 799 1396 863 abalienatio:

113 927 192 986 quae
212 916 311 968 tamen
332 902 476 966 inunum
498 907 665 976 coeuntes,
686 902 901 965 communibus
922 900 1082 986 suffragiis
1102 903 1248 965 Solonem
1269 924 1395 984 cornpo·

113 1005 256 1081 sitorem,
276 1004 426 1070 arbitrum
448 1019 477 1069 et
497 1007 733 1088 legumlatorem
754 1007 950 1091 delegerunt,
980 1007 1035 1090 qui
1054 1006 1132 1071 citra
1153 1007 1399 1079 controversiam

112 1111 256 1174 ominibus
282 1109 350 1174 aliis
379 1111 495 1173 virtute
526 1111 692 1174 videbatur
721 1111 857 1176 anteire:
888 1111 933 1173 sic
960 1102 1024 1175 tres
1048 1110 1121 1175 illae
1147 1122 1251 1175 sectae
1275 1115 1313 1174 de
1339 1110 1398 1173 diis

111 1214 342 1288 dissentientes,
371 1213 512 1297 aliaeque
538 1215 602 1278 suis
626 1215 785 1297 suffragiis
805 1215 868 1278 alio
894 1219 1070 1290 tendentes,
1097 1237 1199 1299 neque
1224 1214 1317 1278 facile
1342 1237 1401 1277 uua

111 1319 239 1383 alterius
265 1317 432 1381 sententiae
464 1319 716 1394 subscribentes,
744 1324 781 1383 de
807 1341 868 1382 uno
896 1321 1016 1384 Amore
1043 1319 1241 1383 consentiunt
1270 1340 1401 1403 eumque

110 1424 270 1487 unanimes
295 1425 327 1485 io
356 1427 483 1486 deorum
510 1446 638 1487 nurnero
665 1436 785 1504 ponunt
810 1438 990 1505 poetarum,
1018 1425 1278 1507 philosophorum
1304 1423 1401 1506 legis·

112 1527 310 1609 latorumque
324 1526 462 1601 maximi,
477 1527 662 1604 confertim
675 1525 933 1607 collaudantes,
947 1539 981 1595 et
990 1526 1156 1614 prolixe,
1178 1527 1231 1604 [nt
1244 1528 1400 1592 Pittacum

113 1631 250 1694 Alcaeus
277 1630 337 1713 ait]
364 1653 380 1694 a
401 1629 599 1711 Mitylenaeis
624 1653 775 1695 consensu
794 1646 930 1695 creatum
955 1645 1131 1712 tyrannum.
1172 1631 1275 1697 Nobis
1298 1645 1399 1696 autem

113 1757 187 1809 rex,
215 1733 357 1816 princeps
383 1746 414 1799 et
440 1738 618 1799 moderator
638 1736 740 1800 Amor
766 1739 805 1799 ab
825 1736 986 1810 Hesiodo,
1015 1737 1148 1801 Platone
1174 1749 1205 1801 et
1225 1740 1342 1803 Solone
1368 1738 1399 1801 in

112 1839 310 1902 Academiam
333 1861 374 1902 ex
393 1839 546 1903 Helicone
568 1839 751 1912 deducitur,
779 1854 1012 1923 coronatusque
1038 1853 1069 1904 et
1092 1856 1220 1906 ornatus
1245 1842 1401 1906 invehitur

111 1965 181 2005 cuna
202 1943 304 2007 multis
325 1941 477 2008 amicitiae
498 1943 718 2026 societatisque
738 1943 840 2025 bigis:
864 1965 927 2006 non
949 1944 1054 2025 quales
1074 1943 1118 2007 ait
1137 1944 1307 2026 Euripides

305 2045 391 2113 Sine
410 2068 496 2113 aere
511 2047 614 2120 facta
635 2047 808 2111 contineri
827 2045 1012 2133 compede:

113 2151 257 2235 frigidam
280 2151 332 2214 ille
353 2163 384 2214 et
403 2151 562 2214 molestam
586 2173 657 2211 usus
678 2172 769 2212 causa
795 2171 870 2229 prae
889 2149 1081 2230 turpitudine
1101 2164 1285 2233 praetexens
1304 2152 1404 2215 amori

114 2256 348 2319 necessitatem:
378 2259 431 2318 sed
453 2253 645 2334 [ejusmodi,
667 2276 745 2336 quae
765 2253 822 2317 alis
841 2253 979 2335 feratur]
1001 2259 1040 2319 ad
1059 2277 1109 2319 res
1129 2255 1353 2338 pulcherrimas
1373 2268 1404 2320 et

116 2360 306 2432 diviniores,
326 2362 364 2422 de
385 2359 498 2441 quibus
519 2359 570 2421 alii
592 2357 699 2421 melius
720 2359 877 2423 dixerunt.

195 2489 294 2549 XIX.
334 2489 420 2550 Haec
448 2489 556 2551 locuto
586 2500 696 2568 patre,
728 2488 900 2552 Soclarns:
934 2488 1050 2566 Vides,
1081 2487 1201 2570 inquit,
1230 2488 1342 2555 iterum
1373 2487 1403 2556 r'c

100 2594 242 2654 ¹candem
264 2590 421 2654 incurrere
442 2593 586 2672 culpam?
607 2591 661 2674 qui
683 2593 787 2657 nescio
808 2596 968 2674 quomodo
990 2592 1022 2655 vi
1042 2607 1073 2657 tc
1089 2595 1252 2672 subducis,
1273 2596 1402 2680 injuste·

119 2717 179 2778 que
206 2695 314 2770 (liceat
340 2695 419 2758 enim
446 2695 565 2772 dicere,
593 2690 678 2780 quod
701 2697 822 2774 sentio)
853 2698 954 2762 debita
975 2721 1032 2762 nos
1054 2698 1216 2764 defraudas
1235 2702 1317 2766 sacri
1337 2727 1403 2767 ser·

118 2800 217 2863 uronis
244 2799 463 2880 explicatione.
505 2802 583 2863 Nam
611 2815 641 2862 ct
670 2799 800 2882 [inodo]
826 2801 969 2866 Platonis
995 2804 1290 2888 Aegyptiorumque
1316 2807 1404 2890 quasi

117 2905 233 2968 invitus
256 2904 439 2991 mentionem
461 2928 529 2967 cum
550 2905 693 2979 fecisses,
721 2906 830 2970 deinde
856 2929 911 2970 eos
934 2908 1139 2990 praeteriisti,
1166 2921 1197 2972 et
1221 2932 1301 2972 nunc
1324 2911 1403 2974 idem

117 3009 209 3072 facis.
250 3011 330 3074 Sane
357 3033 436 3092 quae
464 3010 575 3087 Plato,
606 2995 658 3073 au't
686 3011 789 3091 potins
817 3033 912 3095 opera
939 3010 1036 3094 ipsius
1056 3017 1131 3076 deae
1149 3012 1226 3076 istac
1246 3013 1405 3079 eloccutae

120 3127 191 3177 sunt
211 3114 341 3188 diserte,
363 3138 400 3177 nc
419 3113 599 3195 jubentibus
621 3115 741 3201 quidem
763 3116 871 3192 nobis,
892 3129 921 3180 te
940 3120 1106 3181 relaturum
1121 3118 1273 3183 arbitror.
1313 3121 1407 3198 Quod

121 3241 200 3280 vero
227 3222 361 3282 obscure
390 3217 533 3293 innuisti,
563 3219 792 3300 Aegyptiorum
819 3220 954 3284 fabulam
982 3226 1020 3285 de
1047 3243 1154 3288 amore
1174 3246 1244 3286 cum
1264 3224 1407 3288 Platonis

122 3321 282 3386 sententiis
302 3325 408 3384 eodem
430 3323 548 3396 redire,
568 3323 601 3386 id
623 3325 749 3389 omniuo
769 3324 826 3389 tibi
846 3325 1061 3408 explicandum
1077 3341 1107 3391 et
1123 3331 1204 3411 apud
1220 3349 1277 3394 uos
1292 3330 1407 3393 edisse·

123 3431 251 3492 rendum
280 3441 336 3490 est.
378 3412 502 3489 Erimus
530 3444 630 3493 autem
657 3429 814 3502 contenti,
844 3429 961 3494 etiamsi
984 3453 1081 3511 pauca
1109 3436 1262 3497 derebus
1290 3434 1409 3517 maguis

124 3533 295 3597 audiamus.
337 3532 532 3612 Rogantibns
554 3533 643 3597 simul
663 3533 752 3596 etiam
774 3534 857 3607 aliis,
885 3547 974 3616 pater
994 3536 1040 3599 sic
1060 3535 1224 3602 disseruit:
1257 3539 1409 3622 Aegyptii

125 3642 254 3706 eodem,
285 3658 348 3718 quo
376 3636 505 3711 Graeci,
532 3642 625 3702 modo
652 3642 730 3702 diros
756 3640 875 3703 faciunt
896 3639 1086 3722 Cupidines,
1116 3641 1276 3723 vulgarem
1297 3665 1408 3718 nonus,

126 3741 204 3822 (qui
234 3744 408 3806 Pandemos
436 3741 503 3818 est)
534 3736 664 3806 alterum
689 3743 873 3822 coelestem,
904 3744 1029 3810 tertium
1058 3760 1159 3812 eutem
1189 3761 1315 3811 censent
1343 3768 1410 3811 csse

128 4057 167 4112 A.
191 4061 217 4114 3.
253 4052 357 4125 ἀπάγεις
369 4060 410 4111 καὶ
423 4044 599 4130 incoepisses]
618 4077 633 4113 e
646 4057 800 4130 Wyttenb.
814 4062 995 4135 conjectura.
1013 4060 1112 4138 Vulgo
1125 4057 1216 4133 ἀπάγει
1228 4067 1270 4116 καὶ
1282 4059 1410 4134 ἁποστρα.

264 4155 330 4217 pete,
347 4159 380 4204 ut
397 4160 442 4205 est
458 4153 544 4205 etiarn
562 4153 592 4205 in
610 4149 704 4206 libris.

132 4239 168 4293 A.
194 4235 232 4292 ib.
253 4242 413 4308 χρεωκοπῶν]
433 4243 489 4297 BE.
528 4243 626 4316 Vulgo
641 4245 794 4315 zpsouoaoir.

135 4328 170 4381 A.
193 4336 219 4385 9.
254 4331 298 4383 τὸν
312 4337 465 4402 Αἰγυπτίων]
485 4333 544 4392 ΒΕ.
565 4333 639 4388 Met..
659 4334 812 4408 Wyftettlt.
848 4337 943 4413 Vulgo
960 4337 1009 4392 cdv
1025 4343 1176 4408 Αἰγυπτίων.

137 4421 167 4478 Β.
195 4431 218 4476 1.
253 4424 383 4490 διαφῆναι]
402 4423 461 4479 ΒΕ.
476 4427 543 4484 Ald.
559 4428 623 4482 llaS.
636 4427 705 4500 Xyl.
736 4427 836 4502 Vulgo
854 4431 1023 4501 διασαφῆναι,
1041 4431 1119 4505 quod
1132 4430 1297 4506 Stephanus
1308 4434 1411 4491 sumsit

270 4531 284 4566 c
303 4513 422 4573 Leonic.
441 4517 544 4574 Schott
573 4521 670 4579 Anon.
689 4519 842 4593 Wyttenli.
862 4521 953 4577 edidit
969 4525 1134 4595 διασαφῆσαι.
1415 4478 1475 4672 ⁴
