<?xml version="1.0" encoding="UTF-8"?>
<!DOCTYPE html PUBLIC "-//W3C//DTD XHTML 1.0 Transitional//EN"
    "http://www.w3.org/TR/xhtml1/DTD/xhtml1-transitional.dtd">
<html xmlns="http://www.w3.org/1999/xhtml" xml:lang="en" lang="en">
 <head>
  <title>
</title>
<meta http-equiv="Content-Type" content="text/html;charset=utf-8" />
  <meta name='ocr-system' content='tesseract 3.04.00' />
  <meta name='ocr-capabilities' content='ocr_page ocr_carea ocr_par ocr_line ocrx_word'/>
</head>
<body>
  <div class='ocr_page' id='page_1' title='image "./plutarchierotic00xylagoog_0029.png"; bbox 0 0 3036 4994; ppageno 0'>
   <div class='ocr_carea' id='block_1_1' title="bbox 165 162 982 260">
    <p class='ocr_par' dir='ltr' id='par_1_1' title="bbox 165 162 982 260">
     <span class='ocr_line' id='line_1_1' title="bbox 165 162 982 260; baseline -0.004 -25"><span class='ocrx_word' id='word_1_1' title='bbox 165 174 185 235; x_wconf 86' lang='grc' dir='ltr'><strong><em>ι</em></strong></span> <span class='ocrx_word' id='word_1_2' title='bbox 648 162 982 260; x_wconf 66' lang='grc' dir='ltr'><strong><em>σκυτίνοισι</em></strong></span> 
     </span>
    </p>
   </div>
   <div class='ocr_carea' id='block_1_2' title="bbox 102 320 1479 2886">
    <p class='ocr_par' dir='ltr' id='par_1_2' title="bbox 165 320 1459 517">
     <span class='ocr_line' id='line_1_2' title="bbox 165 320 1456 419; baseline -0.003 -24"><span class='ocrx_word' id='word_1_3' title='bbox 165 331 221 396; x_wconf 86' lang='grc' dir='ltr'><strong><em>καί</em></strong></span> <span class='ocrx_word' id='word_1_4' title='bbox 241 328 402 414; x_wconf 77' lang='grc' dir='ltr'><strong><em>ἀκμάζον,</em></strong></span> <span class='ocrx_word' id='word_1_5' title='bbox 423 324 454 395; x_wconf 87' lang='grc' dir='ltr'><strong><em>εἰ</em></strong></span> <span class='ocrx_word' id='word_1_6' title='bbox 472 325 600 416; x_wconf 76' lang='grc' dir='ltr'><strong><em>καρπόν</em></strong></span> <span class='ocrx_word' id='word_1_7' title='bbox 619 325 727 408; x_wconf 79' lang='grc' dir='ltr'><strong><em>ἤθους</em></strong></span> <span class='ocrx_word' id='word_1_8' title='bbox 744 323 865 391; x_wconf 81' lang='grc' dir='ltr'><strong><em>οἰκεῖον</em></strong></span> <span class='ocrx_word' id='word_1_9' title='bbox 884 320 930 402; x_wconf 87' lang='grc' dir='ltr'><strong><em>εἶς</em></strong></span> <span class='ocrx_word' id='word_1_10' title='bbox 943 323 1059 415; x_wconf 77' lang='grc' dir='ltr'><strong><em>φιλίαν</em></strong></span> <span class='ocrx_word' id='word_1_11' title='bbox 1077 327 1134 393; x_wconf 85' lang='grc' dir='ltr'><strong><em>καὶ</em></strong></span> <span class='ocrx_word' id='word_1_12' title='bbox 1149 323 1267 419; x_wconf 76' lang='grc' dir='ltr'><strong><em>ἀρετὴν</em></strong></span> <span class='ocrx_word' id='word_1_13' title='bbox 1285 324 1344 393; x_wconf 86' lang='grc' dir='ltr'><strong><em>ούκ</em></strong></span> <span class='ocrx_word' id='word_1_14' title='bbox 1366 326 1456 417; x_wconf 60' lang='grc' dir='ltr'><strong><em>’ἀπο-ε</em></strong></span> 
     </span>
     <span class='ocr_line' id='line_1_3' title="bbox 165 424 1459 517; baseline -0.002 -19"><span class='ocrx_word' id='word_1_15' title='bbox 165 432 306 500; x_wconf 90' lang='grc' dir='ltr'><strong><em>δίδωσιν.</em></strong></span> <span class='ocrx_word' id='word_1_16' title='bbox 340 430 484 510; x_wconf 79' lang='grc' dir='ltr'><strong><em>Ἀκούεις</em></strong></span> <span class='ocrx_word' id='word_1_17' title='bbox 499 433 535 497; x_wconf 86' lang='grc' dir='ltr'><strong><em>δέ</em></strong></span> <span class='ocrx_word' id='word_1_18' title='bbox 549 451 636 508; x_wconf 90' lang='grc' dir='ltr'><strong><em>τινος</em></strong></span> <span class='ocrx_word' id='word_1_19' title='bbox 647 424 801 517; x_wconf 80' lang='grc' dir='ltr'><strong><em>τραγικοῦ</em></strong></span> <span class='ocrx_word' id='word_1_20' title='bbox 813 433 953 514; x_wconf 76' lang='grc' dir='ltr'><em>γαμέτου</em></span> <span class='ocrx_word' id='word_1_21' title='bbox 966 431 1112 514; x_wconf 86' lang='grc' dir='ltr'><strong><em>λέγοντος</em></strong></span> <span class='ocrx_word' id='word_1_22' title='bbox 1124 428 1278 517; x_wconf 78' lang='grc' dir='ltr'><strong><em>πρόςτὴν</em></strong></span> <span class='ocrx_word' id='word_1_23' title='bbox 1289 433 1459 517; x_wconf 80' lang='grc' dir='ltr'><strong><em>γυναῖκα,</em></strong></span> 
     </span>
    </p>

    <p class='ocr_par' dir='ltr' id='par_1_3' title="bbox 114 553 1457 750">
     <span class='ocr_line' id='line_1_4' title="bbox 114 553 1456 648; baseline 0.001 -23"><span class='ocrx_word' id='word_1_24' title='bbox 114 560 137 625; x_wconf 70' lang='grc' dir='ltr'><strong><em>Β</em></strong></span> <span class='ocrx_word' id='word_1_25' title='bbox 305 553 308 558; x_wconf 50' lang='grc'><strong><em>’</em></strong></span> <span class='ocrx_word' id='word_1_26' title='bbox 359 559 494 640; x_wconf 77' lang='grc' dir='ltr'><strong><em>Μισεῖςς</em></strong></span> <span class='ocrx_word' id='word_1_27' title='bbox 514 555 624 642; x_wconf 82' lang='grc' dir='ltr'><strong><em>έγόιδέ</em></strong></span> <span class='ocrx_word' id='word_1_28' title='bbox 644 555 763 648; x_wconf 74' lang='grc' dir='ltr'><strong><em>ῥᾳδίως</em></strong></span> <span class='ocrx_word' id='word_1_29' title='bbox 783 556 1002 641; x_wconf 70' lang='grc' dir='ltr'><strong><em>μισήσομαι,</em></strong></span> <span class='ocrx_word' id='word_1_30' title='bbox 1053 614 1057 623; x_wconf 83' lang='grc'><strong><em>.</em></strong></span> <span class='ocrx_word' id='word_1_31' title='bbox 1293 604 1297 616; x_wconf 86' lang='lat'>·</span> <span class='ocrx_word' id='word_1_32' title='bbox 1346 602 1349 608; x_wconf 92' lang='lat'>-</span> <span class='ocrx_word' id='word_1_33' title='bbox 1384 595 1398 605; x_wconf 92' lang='lat'><strong><em>··</em></strong></span> <span class='ocrx_word' id='word_1_34' title='bbox 1448 578 1456 610; x_wconf 61' lang='grc' dir='ltr'><strong><em>ι</em></strong></span> 
     </span>
     <span class='ocr_line' id='line_1_5' title="bbox 359 659 1457 750; baseline -0.003 -21"><span class='ocrx_word' id='word_1_35' title='bbox 359 661 452 749; x_wconf 87' lang='grc' dir='ltr'><strong><em>Πρός</em></strong></span> <span class='ocrx_word' id='word_1_36' title='bbox 471 661 584 749; x_wconf 78' lang='grc' dir='ltr'><em>κέρδος</em></span> <span class='ocrx_word' id='word_1_37' title='bbox 604 660 703 725; x_wconf 78' lang='grc' dir='ltr'><strong><em>ἕλκων</em></strong></span> <span class='ocrx_word' id='word_1_38' title='bbox 722 660 782 740; x_wconf 83' lang='grc' dir='ltr'><strong><em>τὴν</em></strong></span> <span class='ocrx_word' id='word_1_39' title='bbox 801 659 881 750; x_wconf 82' lang='grc' dir='ltr'><strong><em>ε’μίγν</em></strong></span> <span class='ocrx_word' id='word_1_40' title='bbox 899 659 1044 745; x_wconf 79' lang='grc' dir='ltr'><strong><em>ἀτιμίαν.</em></strong></span> <span class='ocrx_word' id='word_1_41' title='bbox 1452 683 1457 693; x_wconf 83' lang='grc'><strong>’</strong></span> 
     </span>
    </p>

    <p class='ocr_par' dir='ltr' id='par_1_4' title="bbox 123 775 1468 987">
     <span class='ocr_line' id='line_1_6' title="bbox 123 775 1468 884; baseline 0.002 -26"><span class='ocrx_word' id='word_1_42' title='bbox 123 775 126 779; x_wconf 29' lang='grc'><strong><em>’</em></strong></span> <span class='ocrx_word' id='word_1_43' title='bbox 171 788 296 858; x_wconf 84' lang='grc' dir='ltr'><strong><em>Τούτου</em></strong></span> <span class='ocrx_word' id='word_1_44' title='bbox 314 787 377 878; x_wconf 89' lang='grc' dir='ltr'><strong><em>γάρ</em></strong></span> <span class='ocrx_word' id='word_1_45' title='bbox 397 787 490 854; x_wconf 86' lang='grc' dir='ltr'><strong><em>ούδέν</em></strong></span> <span class='ocrx_word' id='word_1_46' title='bbox 509 788 595 854; x_wconf 79' lang='grc' dir='ltr'><strong><em>ἔστιν</em></strong></span> <span class='ocrx_word' id='word_1_47' title='bbox 612 786 842 876; x_wconf 86' lang='grc' dir='ltr'><strong><em>έρωτικώτερον</em></strong></span> <span class='ocrx_word' id='word_1_48' title='bbox 862 786 880 854; x_wconf 88' lang='grc' dir='ltr'><strong>ὁ</strong></span> <span class='ocrx_word' id='word_1_49' title='bbox 899 788 944 873; x_wconf 76' lang='grc' dir='ltr'><strong><em>μὴ</em></strong></span> <span class='ocrx_word' id='word_1_50' title='bbox 965 788 1019 854; x_wconf 86' lang='grc' dir='ltr'><strong><em>διά</em></strong></span> <span class='ocrx_word' id='word_1_51' title='bbox 1038 791 1150 879; x_wconf 79' lang='grc' dir='ltr'><strong><em>κέρδος</em></strong></span> <span class='ocrx_word' id='word_1_52' title='bbox 1163 791 1231 858; x_wconf 83' lang='grc' dir='ltr'><strong><em>ἀλλ’</em></strong></span> <span class='ocrx_word' id='word_1_53' title='bbox 1246 793 1468 884; x_wconf 76' lang='grc' dir='ltr'><strong><em>ἀφροδισίων·</em></strong></span> 
     </span>
     <span class='ocr_line' id='line_1_7' title="bbox 167 890 1457 987; baseline 0.002 -26"><span class='ocrx_word' id='word_1_54' title='bbox 167 896 261 962; x_wconf 74' lang='grc' dir='ltr'><strong><em>ἕνεκα</em></strong></span> <span class='ocrx_word' id='word_1_55' title='bbox 280 897 336 960; x_wconf 85' lang='grc' dir='ltr'><strong><em>καλ</em></strong></span> <span class='ocrx_word' id='word_1_56' title='bbox 355 892 529 969; x_wconf 83' lang='grc' dir='ltr'><strong><em>συνουσίας</em></strong></span> <span class='ocrx_word' id='word_1_57' title='bbox 546 890 713 979; x_wconf 74' lang='grc' dir='ltr'><strong><em>ὑπομένων</em></strong></span> <span class='ocrx_word' id='word_1_58' title='bbox 729 895 866 975; x_wconf 91' lang='grc' dir='ltr'><strong><em>γυναῖκα</em></strong></span> <span class='ocrx_word' id='word_1_59' title='bbox 878 893 1057 983; x_wconf 83' lang='grc' dir='ltr'><strong><em>μοχθηράν</em></strong></span> <span class='ocrx_word' id='word_1_60' title='bbox 1073 899 1132 960; x_wconf 82' lang='grc' dir='ltr'><strong><em>καὶ</em></strong></span> <span class='ocrx_word' id='word_1_61' title='bbox 1151 894 1325 987; x_wconf 80' lang='grc' dir='ltr'><strong><em>ἄστοργον·</em></strong></span> <span class='ocrx_word' id='word_1_62' title='bbox 1346 892 1457 986; x_wconf 84' lang='grc' dir='ltr'><strong><em>δι’σπερ</em></strong></span> 
     </span>
    </p>

    <p class='ocr_par' dir='ltr' id='par_1_5' title="bbox 167 994 1353 1212">
     <span class='ocr_line' id='line_1_8' title="bbox 167 994 1353 1087; baseline -0.001 -22"><span class='ocrx_word' id='word_1_63' title='bbox 167 999 369 1087; x_wconf 81' lang='grc' dir='ltr'><strong><em>Στρατοκλεῖ</em></strong></span> <span class='ocrx_word' id='word_1_64' title='bbox 384 1000 430 1087; x_wconf 79' lang='grc' dir='ltr'><strong><em>τῷ</em></strong></span> <span class='ocrx_word' id='word_1_65' title='bbox 449 995 561 1086; x_wconf 83' lang='grc' dir='ltr'><strong><em>ῥήτορι</em></strong></span> <span class='ocrx_word' id='word_1_66' title='bbox 582 994 778 1083; x_wconf 77' lang='grc' dir='ltr'><strong><em>Φιλιππίδης</em></strong></span> <span class='ocrx_word' id='word_1_67' title='bbox 797 995 815 1060; x_wconf 88' lang='lat'><strong><em>6</em></strong></span> <span class='ocrx_word' id='word_1_68' title='bbox 834 995 972 1081; x_wconf 88' lang='grc' dir='ltr'><strong><em>κωμικός</em></strong></span> <span class='ocrx_word' id='word_1_69' title='bbox 992 997 1165 1087; x_wconf 72' lang='grc' dir='ltr'><strong><em>ἐπεγγελῶν</em></strong></span> <span class='ocrx_word' id='word_1_70' title='bbox 1176 997 1353 1083; x_wconf 65' lang='grc' dir='ltr'><strong><em>εποίησεν,</em></strong></span> 
     </span>
     <span class='ocr_line' id='line_1_9' title="bbox 359 1121 1162 1212; baseline 0.004 -23"><span class='ocrx_word' id='word_1_71' title='bbox 359 1124 671 1211; x_wconf 81' lang='grc' dir='ltr'><strong><em>Ἀποστρεφομένης</em></strong></span> <span class='ocrx_word' id='word_1_72' title='bbox 689 1121 748 1203; x_wconf 87' lang='grc' dir='ltr'><strong><em>τὴν</em></strong></span> <span class='ocrx_word' id='word_1_73' title='bbox 767 1122 916 1211; x_wconf 80' lang='grc' dir='ltr'><strong><em>κορυφὴν</em></strong></span> <span class='ocrx_word' id='word_1_74' title='bbox 935 1123 1040 1212; x_wconf 80' lang='grc' dir='ltr'><strong><em>φιλεῖς</em></strong></span> <span class='ocrx_word' id='word_1_75' title='bbox 1059 1122 1162 1208; x_wconf 86' lang='grc' dir='ltr'><strong><em>μόλις.</em></strong></span> 
     </span>
    </p>

    <p class='ocr_par' dir='ltr' id='par_1_6' title="bbox 102 1241 1479 1756">
     <span class='ocr_line' id='line_1_10' title="bbox 168 1241 1457 1339; baseline 0.002 -19"><span class='ocrx_word' id='word_1_76' title='bbox 168 1248 214 1320; x_wconf 83' lang='grc' dir='ltr'><strong><em>Εἰ</em></strong></span> <span class='ocrx_word' id='word_1_77' title='bbox 236 1251 269 1318; x_wconf 83' lang='grc' dir='ltr'><strong><em>δ’</em></strong></span> <span class='ocrx_word' id='word_1_78' title='bbox 295 1241 434 1319; x_wconf 78' lang='grc' dir='ltr'><strong><em>οὖνκαὶ</em></strong></span> <span class='ocrx_word' id='word_1_79' title='bbox 458 1253 552 1317; x_wconf 80' lang='grc' dir='ltr'><strong><em>τοῦτο</em></strong></span> <span class='ocrx_word' id='word_1_80' title='bbox 576 1251 614 1317; x_wconf 92' lang='grc' dir='ltr'><strong><em>τό</em></strong></span> <span class='ocrx_word' id='word_1_81' title='bbox 638 1249 752 1329; x_wconf 87' lang='grc' dir='ltr'><strong><em>πάθος</em></strong></span> <span class='ocrx_word' id='word_1_82' title='bbox 778 1252 830 1319; x_wconf 89' lang='grc' dir='ltr'><strong><em>δεῖ</em></strong></span> <span class='ocrx_word' id='word_1_83' title='bbox 849 1253 959 1318; x_wconf 84' lang='grc' dir='ltr'><strong><em>καλεῖν</em></strong></span> <span class='ocrx_word' id='word_1_84' title='bbox 975 1249 1122 1339; x_wconf 78' lang='grc' dir='ltr'><strong><em>Ἔρωτα,</em></strong></span> <span class='ocrx_word' id='word_1_85' title='bbox 1142 1251 1251 1333; x_wconf 78' lang='grc' dir='ltr'><strong><em>θῆλυν</em></strong></span> <span class='ocrx_word' id='word_1_86' title='bbox 1272 1258 1328 1322; x_wconf 84' lang='grc' dir='ltr'><strong><em>καί</em></strong></span> <span class='ocrx_word' id='word_1_87' title='bbox 1343 1253 1457 1324; x_wconf 84' lang='grc' dir='ltr'><strong><em>νόθον</em></strong></span> 
     </span>
     <span class='ocr_line' id='line_1_11' title="bbox 168 1346 1479 1449; baseline 0.005 -28"><span class='ocrx_word' id='word_1_88' title='bbox 168 1350 275 1447; x_wconf 76' lang='grc' dir='ltr'><strong><em>ιὶίσπερ</em></strong></span> <span class='ocrx_word' id='word_1_89' title='bbox 295 1353 342 1434; x_wconf 85' lang='grc' dir='ltr'><strong><em>εἰς</em></strong></span> <span class='ocrx_word' id='word_1_90' title='bbox 357 1353 554 1442; x_wconf 87' lang='grc' dir='ltr'><strong><em>κυνόσαργες</em></strong></span> <span class='ocrx_word' id='word_1_91' title='bbox 573 1355 785 1425; x_wconf 72' lang='grc' dir='ltr'><strong><em>συντελοῦντα</em></strong></span> <span class='ocrx_word' id='word_1_92' title='bbox 803 1353 861 1434; x_wconf 79' lang='grc' dir='ltr'><strong><em>τὴν</em></strong></span> <span class='ocrx_word' id='word_1_93' title='bbox 879 1359 1117 1438; x_wconf 79' lang='grc' dir='ltr'><strong><em>γυναικωνῖτιν·</em></strong></span> <span class='ocrx_word' id='word_1_94' title='bbox 1146 1357 1272 1440; x_wconf 85' lang='grc' dir='ltr'><strong><em>μάλλον</em></strong></span> <span class='ocrx_word' id='word_1_95' title='bbox 1291 1346 1456 1449; x_wconf 72' lang='grc' dir='ltr'><strong><em>δέόίοπερ</em></strong></span> <span class='ocrx_word' id='word_1_96' title='bbox 1476 1385 1479 1397; x_wconf 65' lang='lat'><em>²</em></span> 
     </span>
     <span class='ocr_line' id='line_1_12' title="bbox 102 1449 1477 1546; baseline 0.002 -22"><span class='ocrx_word' id='word_1_97' title='bbox 102 1484 150 1542; x_wconf 77' lang='lat'><strong><em>61</em></strong></span> <span class='ocrx_word' id='word_1_98' title='bbox 168 1457 265 1525; x_wconf 83' lang='grc' dir='ltr'><strong><em>’ἀετόν</em></strong></span> <span class='ocrx_word' id='word_1_99' title='bbox 285 1479 359 1523; x_wconf 90' lang='grc' dir='ltr'><strong><em>τινα</em></strong></span> <span class='ocrx_word' id='word_1_100' title='bbox 378 1457 507 1542; x_wconf 80' lang='grc' dir='ltr'><strong><em>λέγουσι</em></strong></span> <span class='ocrx_word' id='word_1_101' title='bbox 523 1453 658 1538; x_wconf 82' lang='grc' dir='ltr'><strong><em>γνύοιον</em></strong></span> <span class='ocrx_word' id='word_1_102' title='bbox 672 1458 729 1520; x_wconf 85' lang='grc' dir='ltr'><strong><em>καὶ</em></strong></span> <span class='ocrx_word' id='word_1_103' title='bbox 749 1455 892 1546; x_wconf 84' lang='grc' dir='ltr'><strong><em>ὀρεινόν,</em></strong></span> <span class='ocrx_word' id='word_1_104' title='bbox 921 1451 1288 1543; x_wconf 76' lang='grc' dir='ltr'><strong><em>δυ”θμηρος-μέλανα</em></strong></span> <span class='ocrx_word' id='word_1_105' title='bbox 1306 1449 1477 1544; x_wconf 76' lang='grc' dir='ltr'><strong><em>καὶ-θη-Ι</em></strong></span> 
     </span>
     <span class='ocr_line' id='line_1_13' title="bbox 169 1555 1479 1652; baseline -0.003 -25"><span class='ocrx_word' id='word_1_106' title='bbox 169 1561 312 1651; x_wconf 78' lang='grc' dir='ltr'><strong><em>ρευτὴν</em></strong></span> <span class='ocrx_word' id='word_1_107' title='bbox 336 1562 527 1649; x_wconf 89' lang='grc' dir='ltr'><strong><em>προσεῖπεν,</em></strong></span> <span class='ocrx_word' id='word_1_108' title='bbox 561 1557 646 1631; x_wconf 79' lang='grc' dir='ltr'><strong><em>ἀλλα</em></strong></span> <span class='ocrx_word' id='word_1_109' title='bbox 671 1558 706 1625; x_wconf 80' lang='grc' dir='ltr'><strong><em>δέ</em></strong></span> <span class='ocrx_word' id='word_1_110' title='bbox 728 1561 805 1645; x_wconf 84' lang='grc' dir='ltr'><strong><em>γένη</em></strong></span> <span class='ocrx_word' id='word_1_111' title='bbox 830 1557 946 1624; x_wconf 89' lang='grc' dir='ltr'><strong><em>νόθων</em></strong></span> <span class='ocrx_word' id='word_1_112' title='bbox 972 1559 1058 1628; x_wconf 75' lang='grc' dir='ltr'><strong><em>ἐστὶν</em></strong></span> <span class='ocrx_word' id='word_1_113' title='bbox 1082 1555 1179 1646; x_wconf 81' lang='grc' dir='ltr'><strong><em>ἰχθῦς</em></strong></span> <span class='ocrx_word' id='word_1_114' title='bbox 1207 1564 1369 1652; x_wconf 56' lang='lat'><em>6666]-</em></span> <span class='ocrx_word' id='word_1_115' title='bbox 1398 1569 1479 1631; x_wconf 77' lang='grc' dir='ltr'><strong><em>καὶ.</em></strong></span> 
     </span>
     <span class='ocr_line' id='line_1_14' title="bbox 171 1659 1461 1756; baseline 0.004 -27"><span class='ocrx_word' id='word_1_116' title='bbox 171 1664 315 1752; x_wconf 75' lang='grc' dir='ltr'><strong><em>ὄρνιθας</em></strong></span> <span class='ocrx_word' id='word_1_117' title='bbox 333 1661 451 1754; x_wconf 86' lang='grc' dir='ltr'><strong><em>ἀργούς</em></strong></span> <span class='ocrx_word' id='word_1_118' title='bbox 469 1659 718 1748; x_wconf 75' lang='grc' dir='ltr'><strong><em>λαμβανόντων,</em></strong></span> <span class='ocrx_word' id='word_1_119' title='bbox 739 1659 955 1752; x_wconf 77' lang='grc' dir='ltr'><strong><em>ἀπορούμενοι</em></strong></span> <span class='ocrx_word' id='word_1_120' title='bbox 972 1663 1006 1729; x_wconf 81' lang='grc' dir='ltr'><strong><em>δέ</em></strong></span> <span class='ocrx_word' id='word_1_121' title='bbox 1019 1662 1174 1742; x_wconf 81' lang='grc' dir='ltr'><strong><em>πολλάκις</em></strong></span> <span class='ocrx_word' id='word_1_122' title='bbox 1186 1660 1461 1756; x_wconf 75' lang='grc' dir='ltr'><strong><em>ἀναφθέγγονταί</em></strong></span> 
     </span>
    </p>

    <p class='ocr_par' dir='ltr' id='par_1_7' title="bbox 170 1758 1463 2277">
     <span class='ocr_line' id='line_1_15' title="bbox 170 1758 1460 1854; baseline 0.003 -21"><span class='ocrx_word' id='word_1_123' title='bbox 170 1790 203 1833; x_wconf 89' lang='grc' dir='ltr'><strong><em>τι</em></strong></span> <span class='ocrx_word' id='word_1_124' title='bbox 225 1767 360 1851; x_wconf 80' lang='grc' dir='ltr'><strong><em>λιμῶδες</em></strong></span> <span class='ocrx_word' id='word_1_125' title='bbox 377 1770 435 1832; x_wconf 80' lang='grc' dir='ltr'><strong><em>καὶ</em></strong></span> <span class='ocrx_word' id='word_1_126' title='bbox 454 1761 638 1851; x_wconf 86' lang='grc' dir='ltr'><strong><em>ὀδυρτικόν·</em></strong></span> <span class='ocrx_word' id='word_1_127' title='bbox 666 1758 766 1842; x_wconf 72' lang='grc' dir='ltr'><strong><em>οὕτως</em></strong></span> <span class='ocrx_word' id='word_1_128' title='bbox 776 1762 878 1852; x_wconf 78' lang='grc' dir='ltr'><strong><em>Ἔρως</em></strong></span> <span class='ocrx_word' id='word_1_129' title='bbox 897 1764 916 1833; x_wconf 98' lang='lat'><strong><em>6</em></strong></span> <span class='ocrx_word' id='word_1_130' title='bbox 935 1764 1066 1854; x_wconf 81' lang='grc' dir='ltr'><strong><em>γνύσιος</em></strong></span> <span class='ocrx_word' id='word_1_131' title='bbox 1087 1765 1106 1832; x_wconf 93' lang='lat'><strong><em>6</em></strong></span> <span class='ocrx_word' id='word_1_132' title='bbox 1124 1767 1276 1847; x_wconf 86' lang='grc' dir='ltr'><strong><em>παιδικός</em></strong></span> <span class='ocrx_word' id='word_1_133' title='bbox 1290 1770 1396 1852; x_wconf 70' lang='grc' dir='ltr'><strong><em>ἐστιν,</em></strong></span> <span class='ocrx_word' id='word_1_134' title='bbox 1418 1769 1460 1837; x_wconf 84' lang='grc' dir='ltr'><strong><em>ού</em></strong></span> 
     </span>
     <span class='ocr_line' id='line_1_16' title="bbox 171 1865 1461 1969; baseline 0.002 -32"><span class='ocrx_word' id='word_1_135' title='bbox 171 1869 290 1969; x_wconf 80' lang='grc' dir='ltr'><strong><em>πόθιρ</em></strong></span> <span class='ocrx_word' id='word_1_136' title='bbox 315 1867 507 1952; x_wconf 88' lang='grc' dir='ltr'><strong><em>στίλβων,</em></strong></span> <span class='ocrx_word' id='word_1_137' title='bbox 545 1865 587 1946; x_wconf 87' lang='grc' dir='ltr'><strong><em>ὡς</em></strong></span> <span class='ocrx_word' id='word_1_138' title='bbox 607 1865 671 1956; x_wconf 79' lang='grc' dir='ltr'><strong><em>ἔφη</em></strong></span> <span class='ocrx_word' id='word_1_139' title='bbox 697 1867 755 1938; x_wconf 91' lang='grc' dir='ltr'><strong><em>τόν</em></strong></span> <span class='ocrx_word' id='word_1_140' title='bbox 783 1869 969 1954; x_wconf 76' lang='grc' dir='ltr'><strong><em>παρθένιον</em></strong></span> <span class='ocrx_word' id='word_1_141' title='bbox 993 1867 1193 1957; x_wconf 78' lang='grc' dir='ltr'><strong><em>Ἀνακρέων,</em></strong></span> <span class='ocrx_word' id='word_1_142' title='bbox 1224 1869 1461 1962; x_wconf 78' lang='grc' dir='ltr'><strong><em>οὐδὲ-μύρων</em></strong></span> 
     </span>
     <span class='ocr_line' id='line_1_17' title="bbox 171 1969 1460 2066; baseline 0.002 -26"><span class='ocrx_word' id='word_1_143' title='bbox 171 1973 387 2051; x_wconf 85' lang='grc' dir='ltr'><strong><em>’ἀνάπλεως</em></strong></span> <span class='ocrx_word' id='word_1_144' title='bbox 409 1974 465 2040; x_wconf 79' lang='grc' dir='ltr'><strong><em>καλ</em></strong></span> <span class='ocrx_word' id='word_1_145' title='bbox 488 1973 792 2056; x_wconf 78' lang='grc' dir='ltr'><strong><em>γεγανωμένος,</em></strong></span> <span class='ocrx_word' id='word_1_146' title='bbox 822 1969 907 2044; x_wconf 86' lang='grc' dir='ltr'><strong><em>ἀλλά</em></strong></span> <span class='ocrx_word' id='word_1_147' title='bbox 935 1973 1025 2044; x_wconf 83' lang='grc' dir='ltr'><strong><em>λιτόν</em></strong></span> <span class='ocrx_word' id='word_1_148' title='bbox 1049 1972 1149 2040; x_wconf 77' lang='grc' dir='ltr'><strong><em>αὐτόν</em></strong></span> <span class='ocrx_word' id='word_1_149' title='bbox 1166 1975 1242 2066; x_wconf 81' lang='grc' dir='ltr'><strong><em>ὄφει</em></strong></span> <span class='ocrx_word' id='word_1_150' title='bbox 1271 1979 1328 2047; x_wconf 85' lang='grc' dir='ltr'><strong><em>καὶ</em></strong></span> <span class='ocrx_word' id='word_1_151' title='bbox 1347 1975 1460 2066; x_wconf 86' lang='grc' dir='ltr'><strong><em>ἀθρυ-</em></strong></span> 
     </span>
     <span class='ocr_line' id='line_1_18' title="bbox 172 2073 1463 2168; baseline 0.002 -23"><span class='ocrx_word' id='word_1_152' title='bbox 172 2084 255 2146; x_wconf 85' lang='grc' dir='ltr'><strong><em>ιττόν</em></strong></span> <span class='ocrx_word' id='word_1_153' title='bbox 267 2079 302 2144; x_wconf 80' lang='lat'><strong><em>6·</em></strong></span> <span class='ocrx_word' id='word_1_154' title='bbox 314 2079 448 2165; x_wconf 83' lang='grc' dir='ltr'><strong><em>σχολαῖς</em></strong></span> <span class='ocrx_word' id='word_1_155' title='bbox 467 2073 667 2166; x_wconf 87' lang='grc' dir='ltr'><strong><em>φιλοσόφοις</em></strong></span> <span class='ocrx_word' id='word_1_156' title='bbox 687 2073 709 2156; x_wconf 79' lang='lat'><strong><em>6</em></strong></span> <span class='ocrx_word' id='word_1_157' title='bbox 726 2098 790 2142; x_wconf 88' lang='grc' dir='ltr'><strong><em>που</em></strong></span> <span class='ocrx_word' id='word_1_158' title='bbox 808 2079 883 2166; x_wconf 85' lang='grc' dir='ltr'><strong><em>περὶ</em></strong></span> <span class='ocrx_word' id='word_1_159' title='bbox 896 2076 1059 2161; x_wconf 86' lang='grc' dir='ltr'><strong><em>γυμνάσια</em></strong></span> <span class='ocrx_word' id='word_1_160' title='bbox 1075 2080 1137 2144; x_wconf 67' lang='grc' dir='ltr'><strong><em>καί.</em></strong></span> <span class='ocrx_word' id='word_1_161' title='bbox 1144 2077 1360 2165; x_wconf 84' lang='grc' dir='ltr'><strong><em>παλαίστρας,</em></strong></span> <span class='ocrx_word' id='word_1_162' title='bbox 1374 2085 1463 2168; x_wconf 81' lang='grc' dir='ltr'><strong><em>περλ-</em></strong></span> 
     </span>
     <span class='ocr_line' id='line_1_19' title="bbox 171 2178 1459 2277; baseline 0 -28"><span class='ocrx_word' id='word_1_163' title='bbox 171 2182 289 2272; x_wconf 84' lang='grc' dir='ltr'><strong><em>θήραν</em></strong></span> <span class='ocrx_word' id='word_1_164' title='bbox 313 2184 396 2248; x_wconf 92' lang='grc' dir='ltr'><strong><em>νέων</em></strong></span> <span class='ocrx_word' id='word_1_165' title='bbox 419 2179 475 2261; x_wconf 76' lang='grc' dir='ltr'><strong><em>όξιλ</em></strong></span> <span class='ocrx_word' id='word_1_166' title='bbox 498 2178 589 2265; x_wconf 90' lang='grc' dir='ltr'><strong><em>μάλα</em></strong></span> <span class='ocrx_word' id='word_1_167' title='bbox 617 2183 673 2245; x_wconf 84' lang='grc' dir='ltr'><strong><em>καὶ</em></strong></span> <span class='ocrx_word' id='word_1_168' title='bbox 698 2183 848 2265; x_wconf 88' lang='grc' dir='ltr'><strong><em>γενναῖον</em></strong></span> <span class='ocrx_word' id='word_1_169' title='bbox 873 2181 1114 2265; x_wconf 69' lang='grc' dir='ltr'><strong><em>ἐγκελευόμενον</em></strong></span> <span class='ocrx_word' id='word_1_170' title='bbox 1137 2181 1216 2277; x_wconf 89' lang='grc' dir='ltr'><strong><em>πρός</em></strong></span> <span class='ocrx_word' id='word_1_171' title='bbox 1239 2180 1358 2271; x_wconf 76' lang='grc' dir='ltr'><strong><em>ἀρετὴν</em></strong></span> <span class='ocrx_word' id='word_1_172' title='bbox 1381 2189 1459 2262; x_wconf 81' lang='grc' dir='ltr'><strong><em>τοῖς</em></strong></span> 
     </span>
    </p>

    <p class='ocr_par' dir='ltr' id='par_1_8' title="bbox 120 2280 1463 2691">
     <span class='ocr_line' id='line_1_20' title="bbox 120 2280 1456 2376; baseline -0.001 -24"><span class='ocrx_word' id='word_1_173' title='bbox 120 2309 145 2371; x_wconf 89' lang='lat' dir='ltr'>B</span> <span class='ocrx_word' id='word_1_174' title='bbox 174 2285 276 2368; x_wconf 84' lang='grc' dir='ltr'><strong><em>ἀξίοις</em></strong></span> <span class='ocrx_word' id='word_1_175' title='bbox 297 2281 490 2369; x_wconf 77' lang='grc' dir='ltr'><strong><em>ἐπιμελείας·</em></strong></span> <span class='ocrx_word' id='word_1_176' title='bbox 509 2282 567 2348; x_wconf 84' lang='grc' dir='ltr'><strong><em>τόν</em></strong></span> <span class='ocrx_word' id='word_1_177' title='bbox 588 2284 623 2352; x_wconf 78' lang='grc' dir='ltr'><strong><em>δὲ</em></strong></span> <span class='ocrx_word' id='word_1_178' title='bbox 642 2280 742 2376; x_wconf 87' lang='grc' dir='ltr'><strong><em>ύγρόν</em></strong></span> <span class='ocrx_word' id='word_1_179' title='bbox 759 2287 875 2353; x_wconf 83' lang='grc' dir='ltr'><strong><em>τοῦτον</em></strong></span> <span class='ocrx_word' id='word_1_180' title='bbox 894 2287 951 2350; x_wconf 87' lang='grc' dir='ltr'><strong><em>καὶ</em></strong></span> <span class='ocrx_word' id='word_1_181' title='bbox 969 2280 1120 2370; x_wconf 76' lang='grc' dir='ltr'><strong><em>οἰκουρόν</em></strong></span> <span class='ocrx_word' id='word_1_182' title='bbox 1136 2286 1170 2351; x_wconf 81' lang='grc' dir='ltr'><strong><em>έν</em></strong></span> <span class='ocrx_word' id='word_1_183' title='bbox 1187 2284 1316 2363; x_wconf 83' lang='grc' dir='ltr'><strong><em>κόλποις</em></strong></span> <span class='ocrx_word' id='word_1_184' title='bbox 1329 2284 1456 2374; x_wconf 71' lang='lat'><em>666-</em></span> 
     </span>
     <span class='ocr_line' id='line_1_21' title="bbox 171 2384 1456 2476; baseline -0.002 -21"><span class='ocrx_word' id='word_1_185' title='bbox 171 2391 276 2475; x_wconf 88' lang='grc' dir='ltr'><strong><em>βοντα</em></strong></span> <span class='ocrx_word' id='word_1_186' title='bbox 302 2389 357 2451; x_wconf 83' lang='grc' dir='ltr'><strong><em>καὶ</em></strong></span> <span class='ocrx_word' id='word_1_187' title='bbox 378 2385 546 2463; x_wconf 91' lang='grc' dir='ltr'><strong><em>κλινιδίοις</em></strong></span> <span class='ocrx_word' id='word_1_188' title='bbox 563 2389 723 2468; x_wconf 72' lang='grc' dir='ltr'><strong><em>γυναικοῖν</em></strong></span> <span class='ocrx_word' id='word_1_189' title='bbox 735 2385 794 2461; x_wconf 74' lang='grc' dir='ltr'><strong><em>,ἀεὶ</em></strong></span> <span class='ocrx_word' id='word_1_190' title='bbox 814 2385 971 2453; x_wconf 82' lang='grc' dir='ltr'><strong><em>διώκοντα</em></strong></span> <span class='ocrx_word' id='word_1_191' title='bbox 984 2387 1030 2452; x_wconf 83' lang='grc' dir='ltr'><strong><em>τά</em></strong></span> <span class='ocrx_word' id='word_1_192' title='bbox 1048 2388 1212 2471; x_wconf 83' lang='grc' dir='ltr'><strong><em>μαλθακά</em></strong></span> <span class='ocrx_word' id='word_1_193' title='bbox 1232 2392 1286 2454; x_wconf 81' lang='grc' dir='ltr'><strong><em>και</em></strong></span> <span class='ocrx_word' id='word_1_194' title='bbox 1298 2384 1456 2476; x_wconf 70' lang='lat'><em>6666-</em></span> 
     </span>
     <span class='ocr_line' id='line_1_22' title="bbox 128 2485 1461 2585; baseline 0.002 -30.071"><span class='ocrx_word' id='word_1_195' title='bbox 128 2510 274 2575; x_wconf 90' lang='grc' dir='ltr'><strong><em>μενον</em></strong></span> <span class='ocrx_word' id='word_1_196' title='bbox 289 2486 424 2568; x_wconf 79' lang='grc' dir='ltr'><strong><em>ἡδοναῖς</em></strong></span> <span class='ocrx_word' id='word_1_197' title='bbox 440 2488 615 2585; x_wconf 84' lang='grc' dir='ltr'><strong><em>ἀνάνδροις</em></strong></span> <span class='ocrx_word' id='word_1_198' title='bbox 633 2490 691 2552; x_wconf 85' lang='grc' dir='ltr'><strong><em>καὶ</em></strong></span> <span class='ocrx_word' id='word_1_199' title='bbox 712 2485 843 2580; x_wconf 85' lang='grc' dir='ltr'><strong><em>ἀφίλοις</em></strong></span> <span class='ocrx_word' id='word_1_200' title='bbox 860 2492 917 2554; x_wconf 85' lang='grc' dir='ltr'><strong><em>καὶ</em></strong></span> <span class='ocrx_word' id='word_1_201' title='bbox 936 2487 1227 2578; x_wconf 83' lang='grc' dir='ltr'><strong><em>ἀνενθουσιάστοις</em></strong></span> <span class='ocrx_word' id='word_1_202' title='bbox 1244 2488 1461 2577; x_wconf 75' lang='grc' dir='ltr'><strong><em>καταβάλλων</em></strong></span> 
     </span>
     <span class='ocr_line' id='line_1_23' title="bbox 177 2589 1463 2694; baseline 0.002 -38.057"><span class='ocrx_word' id='word_1_203' title='bbox 177 2589 325 2672; x_wconf 72' lang='grc' dir='ltr'><strong><em>ἀξιον“</em></strong></span> <span class='ocrx_word' id='word_1_204' title='bbox 306 2616 348 2668; x_wconf 88' lang='grc' dir='ltr'><strong><em>ως</em></strong></span> <span class='ocrx_word' id='word_1_205' title='bbox 366 2595 423 2657; x_wconf 81' lang='grc' dir='ltr'><strong><em>καὶ</em></strong></span> <span class='ocrx_word' id='word_1_206' title='bbox 441 2589 556 2667; x_wconf 79' lang='grc' dir='ltr'><strong><em>Σόλων</em></strong></span> <span class='ocrx_word' id='word_1_207' title='bbox 574 2591 746 2683; x_wconf 85' lang='grc' dir='ltr'><strong><em>κατέβαλε,</em></strong></span> <span class='ocrx_word' id='word_1_208' title='bbox 767 2589 895 2667; x_wconf 86' lang='grc' dir='ltr'><strong><em>δούλοις</em></strong></span> <span class='ocrx_word' id='word_1_209' title='bbox 911 2598 971 2676; x_wconf 73' lang='grc' dir='ltr'><strong><em>μὲν</em></strong></span> <span class='ocrx_word' id='word_1_210' title='bbox 991 2593 1055 2687; x_wconf 86' lang='grc' dir='ltr'><strong><em>γάρ</em></strong></span> <span class='ocrx_word' id='word_1_211' title='bbox 1076 2596 1154 2694; x_wconf 81' lang='grc' dir='ltr'><strong><em>ε’ρρῖν</em></strong></span> <span class='ocrx_word' id='word_1_212' title='bbox 1171 2594 1325 2691; x_wconf 75' lang='grc' dir='ltr'><strong><em>ἀρρένων·</em></strong></span> <span class='ocrx_word' id='word_1_213' title='bbox 1331 2593 1463 2666; x_wconf 88' lang='grc' dir='ltr'><strong><em>παίδων</em></strong></span> 
     </span>
    </p>

    <p class='ocr_par' dir='ltr' id='par_1_9' title="bbox 176 2691 1461 2886">
     <span class='ocr_line' id='line_1_24' title="bbox 176 2691 1461 2781; baseline 0.002 -22"><span class='ocrx_word' id='word_1_214' title='bbox 176 2692 290 2762; x_wconf 84' lang='grc' dir='ltr'><strong><em>ἀπεῖπε</em></strong></span> <span class='ocrx_word' id='word_1_215' title='bbox 309 2697 366 2758; x_wconf 84' lang='grc' dir='ltr'><strong><em>καί</em></strong></span> <span class='ocrx_word' id='word_1_216' title='bbox 386 2691 614 2781; x_wconf 77' lang='grc' dir='ltr'><strong><em>ξηραλοιφεῖν,</em></strong></span> <span class='ocrx_word' id='word_1_217' title='bbox 633 2693 784 2781; x_wconf 85' lang='grc' dir='ltr'><strong><em>χρτγσθαι</em></strong></span> <span class='ocrx_word' id='word_1_218' title='bbox 804 2694 838 2757; x_wconf 83' lang='grc' dir='ltr'><strong><em>δέ</em></strong></span> <span class='ocrx_word' id='word_1_219' title='bbox 859 2695 1044 2773; x_wconf 87' lang='grc' dir='ltr'><strong><em>συνουσίαις</em></strong></span> <span class='ocrx_word' id='word_1_220' title='bbox 1062 2698 1219 2780; x_wconf 80' lang='grc' dir='ltr'><strong><em>γυναικῶν</em></strong></span> <span class='ocrx_word' id='word_1_221' title='bbox 1235 2695 1293 2766; x_wconf 78' lang='grc' dir='ltr'><strong><em>οὐκ</em></strong></span> <span class='ocrx_word' id='word_1_222' title='bbox 1301 2695 1461 2767; x_wconf 73' lang='grc' dir='ltr'><strong><em>ἐκώλυσε.</em></strong></span> 
     </span>
     <span class='ocr_line' id='line_1_25' title="bbox 176 2792 1465 2886; baseline 0.007 -26"><span class='ocrx_word' id='word_1_223' title='bbox 176 2796 294 2871; x_wconf 88' lang='grc' dir='ltr'><strong><em>Καλόν</em></strong></span> <span class='ocrx_word' id='word_1_224' title='bbox 312 2794 375 2882; x_wconf 90' lang='grc' dir='ltr'><strong><em>γάρ</em></strong></span> <span class='ocrx_word' id='word_1_225' title='bbox 394 2793 416 2874; x_wconf 80' lang='grc' dir='ltr'><em>ἡ</em></span> <span class='ocrx_word' id='word_1_226' title='bbox 436 2793 533 2884; x_wconf 86' lang='grc' dir='ltr'><strong><em>φιλία</em></strong></span> <span class='ocrx_word' id='word_1_227' title='bbox 552 2797 609 2859; x_wconf 82' lang='grc' dir='ltr'><strong><em>καί</em></strong></span> <span class='ocrx_word' id='word_1_228' title='bbox 629 2792 773 2864; x_wconf 87' lang='grc' dir='ltr'><strong><em>ἀστεῖον·</em></strong></span> <span class='ocrx_word' id='word_1_229' title='bbox 798 2794 819 2876; x_wconf 86' lang='grc' dir='ltr'><strong><em>ίγ</em></strong></span> <span class='ocrx_word' id='word_1_230' title='bbox 840 2797 874 2863; x_wconf 79' lang='grc' dir='ltr'><strong><em>δέ</em></strong></span> <span class='ocrx_word' id='word_1_231' title='bbox 893 2794 994 2881; x_wconf 79' lang='grc' dir='ltr'><strong><em>ιγδονὴ</em></strong></span> <span class='ocrx_word' id='word_1_232' title='bbox 1020 2800 1131 2871; x_wconf 85' lang='grc' dir='ltr'><strong><em>κοινόν</em></strong></span> <span class='ocrx_word' id='word_1_233' title='bbox 1152 2825 1208 2867; x_wconf 88' lang='grc' dir='ltr'><strong><em>τιαι</em></strong></span> <span class='ocrx_word' id='word_1_234' title='bbox 1232 2797 1465 2886; x_wconf 84' lang='grc' dir='ltr'><strong><em>ἀνελεύθερον</em></strong></span> 
     </span>
    </p>
   </div>
   <div class='ocr_carea' id='block_1_3' title="bbox 169 2896 1464 3096">
    <p class='ocr_par' dir='ltr' id='par_1_10' title="bbox 92 2896 1464 3091">
     <span class='ocr_line' id='line_1_26' title="bbox 169 2896 1464 2999; baseline -0.001 -26.056"><span class='ocrx_word' id='word_1_235' title='bbox 169 2896 332 2970; x_wconf 79' lang='grc' dir='ltr'><strong><em>”’οθεν</em></strong></span> <span class='ocrx_word' id='word_1_236' title='bbox 297 2921 336 2964; x_wconf 93' lang='grc' dir='ltr'><strong><em>ου</em></strong></span> <span class='ocrx_word' id='word_1_237' title='bbox 354 2897 501 2973; x_wconf 84' lang='grc' dir='ltr'><strong><em>δούλον’</em></strong></span> <span class='ocrx_word' id='word_1_238' title='bbox 486 2899 586 2990; x_wconf 82' lang='grc' dir='ltr'><strong><em>εράν</em></strong></span> <span class='ocrx_word' id='word_1_239' title='bbox 576 2897 704 2964; x_wconf 85' lang='grc' dir='ltr'><strong><em>παίδων</em></strong></span> <span class='ocrx_word' id='word_1_240' title='bbox 720 2899 907 2996; x_wconf 78' lang='grc' dir='ltr'><strong><em>ἐλευθέριόν</em></strong></span> <span class='ocrx_word' id='word_1_241' title='bbox 927 2903 1015 2967; x_wconf 74' lang='grc' dir='ltr'><strong><em>ἐστιν</em></strong></span> <span class='ocrx_word' id='word_1_242' title='bbox 1034 2902 1142 2969; x_wconf 79' lang='grc' dir='ltr'><strong><em>οὐδὲ</em></strong></span> <span class='ocrx_word' id='word_1_243' title='bbox 1122 2908 1266 2999; x_wconf 87' lang='grc' dir='ltr'><strong><em>αστεῖον</em></strong></span> <span class='ocrx_word' id='word_1_244' title='bbox 1282 2903 1464 2981; x_wconf 80' lang='grc' dir='ltr'><strong><em>συνουσίας</em></strong></span> 
     </span>
     <span class='ocr_line' id='line_1_27' title="bbox 179 2999 974 3096; baseline -0.027 -4"><span class='ocrx_word' id='word_1_245' title='bbox 179 3028 243 3096; x_wconf 71' lang='lat'><strong><em>766</em></strong></span> <span class='ocrx_word' id='word_1_246' title='bbox 264 2991 396 3095; x_wconf 69' lang='grc' dir='ltr'><strong><em>θῧῐῡςθ</em></strong></span> <span class='ocrx_word' id='word_1_247' title='bbox 408 2999 529 3095; x_wconf 68' lang='grc' dir='ltr'><strong><em>Ἔρως,</em></strong></span> <span class='ocrx_word' id='word_1_248' title='bbox 546 3000 706 3091; x_wconf 69' lang='grc' dir='ltr'><strong><em>καθάπερ</em></strong></span> <span class='ocrx_word' id='word_1_249' title='bbox 727 3005 789 3072; x_wconf 82' lang='grc' dir='ltr'><strong><em>τῶν</em></strong></span> <span class='ocrx_word' id='word_1_250' title='bbox 807 3009 974 3087; x_wconf 79' lang='grc' dir='ltr'><strong><em>γυναικοῖν</em></strong></span> 
     </span>
    </p>
   </div>
   <div class='ocr_carea' id='block_1_4' title="bbox 76 3127 1465 3436">
    <p class='ocr_par' dir='ltr' id='par_1_11' title="bbox 76 3127 1465 3434">
     <span class='ocr_line' id='line_1_28' title="bbox 256 3127 1465 3252; baseline 0.011 -59.679"><span class='ocrx_word' id='word_1_251' title='bbox 256 3127 387 3201; x_wconf 76' lang='grc' dir='ltr'><strong><em>ε’.Ἒτι</em></strong></span> <span class='ocrx_word' id='word_1_252' title='bbox 411 3131 446 3195; x_wconf 79' lang='grc' dir='ltr'><strong><em>δέ</em></strong></span> <span class='ocrx_word' id='word_1_253' title='bbox 464 3128 598 3209; x_wconf 77' lang='grc' dir='ltr'><strong><em>πλείονα</em></strong></span> <span class='ocrx_word' id='word_1_254' title='bbox 618 3131 719 3252; x_wconf 83' lang='grc' dir='ltr'><strong><em>λέγειν</em></strong></span> <span class='ocrx_word' id='word_1_255' title='bbox 737 3133 1019 3226; x_wconf 86' lang='grc' dir='ltr'><strong><em>προθυμουμένου</em></strong></span> <span class='ocrx_word' id='word_1_256' title='bbox 1032 3158 1091 3202; x_wconf 92' lang='grc' dir='ltr'><strong><em>τον</em></strong></span> <span class='ocrx_word' id='word_1_257' title='bbox 1075 3136 1348 3229; x_wconf 83' lang='grc' dir='ltr'><strong><em>Πρωτογένους,</em></strong></span> <span class='ocrx_word' id='word_1_258' title='bbox 1376 3133 1465 3205; x_wconf 78' lang='grc' dir='ltr'><strong><em>ἀντι</em></strong></span> 
     </span>
     <span class='ocr_line' id='line_1_29' title="bbox 76 3221 1465 3361; baseline 0.003 -65"><span class='ocrx_word' id='word_1_259' title='bbox 76 3234 79 3242; x_wconf 91' lang='grc'><strong><em>’</em></strong></span> <span class='ocrx_word' id='word_1_260' title='bbox 177 3230 320 3320; x_wconf 81' lang='grc' dir='ltr'><strong><em>κρούσας</em></strong></span> <span class='ocrx_word' id='word_1_261' title='bbox 339 3256 357 3298; x_wconf 94' lang='grc' dir='ltr'><strong><em>ο</em></strong></span> <span class='ocrx_word' id='word_1_262' title='bbox 348 3230 563 3361; x_wconf 81' lang='grc' dir='ltr'><strong><em>Δαφναῖος,</em></strong></span> <span class='ocrx_word' id='word_1_263' title='bbox 588 3221 637 3310; x_wconf 78' lang='grc' dir='ltr'><strong><em>Εὖ</em></strong></span> <span class='ocrx_word' id='word_1_264' title='bbox 655 3258 691 3317; x_wconf 90' lang='grc' dir='ltr'><strong><em>γε</em></strong></span> <span class='ocrx_word' id='word_1_265' title='bbox 709 3233 749 3322; x_wconf 76' lang='grc' dir='ltr'><strong><em>νὴ</em></strong></span> <span class='ocrx_word' id='word_1_266' title='bbox 770 3233 893 3299; x_wconf 79' lang='grc' dir='ltr'><strong><em>Δία’</em></strong></span> <span class='ocrx_word' id='word_1_267' title='bbox 844 3258 956 3324; x_wconf 80' lang='grc' dir='ltr'><strong><em>,εφη,</em></strong></span> <span class='ocrx_word' id='word_1_268' title='bbox 977 3260 1035 3304; x_wconf 90' lang='grc' dir='ltr'><strong><em>του</em></strong></span> <span class='ocrx_word' id='word_1_269' title='bbox 1020 3236 1199 3318; x_wconf 85' lang='grc' dir='ltr'><strong><em>Σόλωνος</em></strong></span> <span class='ocrx_word' id='word_1_270' title='bbox 1216 3236 1387 3329; x_wconf 78' lang='grc' dir='ltr'><strong><em>ε’μνιγσθνγς</em></strong></span> <span class='ocrx_word' id='word_1_271' title='bbox 1406 3241 1465 3310; x_wconf 77' lang='grc' dir='ltr'><strong><em>καλ</em></strong></span> 
     </span>
     <span class='ocr_line' id='line_1_30' title="bbox 178 3333 996 3436; baseline 0.004 -35.079"><span class='ocrx_word' id='word_1_272' title='bbox 178 3337 336 3424; x_wconf 81' lang='grc' dir='ltr'><strong><em>χρηστέον</em></strong></span> <span class='ocrx_word' id='word_1_273' title='bbox 355 3333 441 3429; x_wconf 75' lang='grc' dir='ltr'><strong><em>αύτῷ</em></strong></span> <span class='ocrx_word' id='word_1_274' title='bbox 458 3335 598 3436; x_wconf 79' lang='grc' dir='ltr'><strong><em>γνώμονι</em></strong></span> <span class='ocrx_word' id='word_1_275' title='bbox 616 3339 673 3402; x_wconf 76' lang='grc' dir='ltr'><strong><em>τοι]</em></strong></span> <span class='ocrx_word' id='word_1_276' title='bbox 692 3337 841 3425; x_wconf 84' lang='grc' dir='ltr'><strong><em>έρωτικον</em></strong></span> <span class='ocrx_word' id='word_1_277' title='bbox 826 3336 996 3434; x_wconf 87' lang='grc' dir='ltr'><strong><em>ἀνδρὸς,</em></strong></span> 
     </span>
    </p>
   </div>
   <div class='ocr_carea' id='block_1_5' title="bbox 128 3460 1198 3667">
    <p class='ocr_par' dir='ltr' id='par_1_12' title="bbox 128 3460 1198 3667">
     <span class='ocr_line' id='line_1_31' title="bbox 128 3460 1198 3590; baseline 0.006 -62"><span class='ocrx_word' id='word_1_278' title='bbox 128 3492 152 3550; x_wconf 75' lang='lat'>0</span> <span class='ocrx_word' id='word_1_279' title='bbox 364 3461 463 3530; x_wconf 74' lang='grc' dir='ltr'><strong><em>Ἔσθ</em></strong></span> <span class='ocrx_word' id='word_1_280' title='bbox 485 3460 603 3562; x_wconf 77' lang='grc' dir='ltr'><strong><em>ίίβρς</em></strong></span> <span class='ocrx_word' id='word_1_281' title='bbox 587 3467 754 3552; x_wconf 90' lang='grc' dir='ltr'><strong><em>ερατοῖσιν</em></strong></span> <span class='ocrx_word' id='word_1_282' title='bbox 768 3465 827 3538; x_wconf 84' lang='grc' dir='ltr'><strong><em>έπ</em></strong></span> <span class='ocrx_word' id='word_1_283' title='bbox 804 3465 920 3531; x_wconf 80' lang='grc' dir='ltr'><strong><em>Ἰίίνθε</em></strong></span> <span class='ocrx_word' id='word_1_284' title='bbox 911 3488 955 3533; x_wconf 92' lang='grc' dir='ltr'><strong><em>σι</em></strong></span> <span class='ocrx_word' id='word_1_285' title='bbox 974 3467 1198 3590; x_wconf 70' lang='grc' dir='ltr'><strong><em>παιδοφιλιγσργ</em></strong></span> 
     </span>
     <span class='ocr_line' id='line_1_32' title="bbox 447 3557 1156 3667; baseline 0.007 -34"><span class='ocrx_word' id='word_1_286' title='bbox 447 3557 604 3654; x_wconf 76' lang='grc' dir='ltr'><strong><em>Μηριῖν’</em></strong></span> <span class='ocrx_word' id='word_1_287' title='bbox 593 3568 724 3657; x_wconf 83' lang='grc' dir='ltr'><strong><em>ιμείρων</em></strong></span> <span class='ocrx_word' id='word_1_288' title='bbox 742 3592 797 3634; x_wconf 91' lang='grc' dir='ltr'><strong><em>και</em></strong></span> <span class='ocrx_word' id='word_1_289' title='bbox 814 3571 854 3654; x_wconf 96' lang='grc' dir='ltr'><strong><em>γ</em></strong></span> <span class='ocrx_word' id='word_1_290' title='bbox 846 3573 969 3667; x_wconf 81' lang='grc' dir='ltr'><strong><em>,υκεροῦ</em></strong></span> <span class='ocrx_word' id='word_1_291' title='bbox 987 3570 1156 3658; x_wconf 85' lang='grc' dir='ltr'><strong><em>στόματος.</em></strong></span> 
     </span>
    </p>
   </div>
   <div class='ocr_carea' id='block_1_6' title="bbox 131 3647 1181 3810">
    <p class='ocr_par' dir='ltr' id='par_1_13' title="bbox 131 3647 1181 3810">
     <span class='ocr_line' id='line_1_33' title="bbox 131 3647 1181 3810; baseline 0.003 -46.15"><span class='ocrx_word' id='word_1_292' title='bbox 131 3647 415 3787; x_wconf 83' lang='grc' dir='ltr'><strong><em>Πρόσλαβεδὲ</em></strong></span> <span class='ocrx_word' id='word_1_293' title='bbox 433 3719 477 3787; x_wconf 84' lang='grc' dir='ltr'><strong><em>τῳ</em></strong></span> <span class='ocrx_word' id='word_1_294' title='bbox 462 3695 636 3769; x_wconf 88' lang='grc' dir='ltr'><strong><em>Σόλωνι</em></strong></span> <span class='ocrx_word' id='word_1_295' title='bbox 644 3701 701 3763; x_wconf 91' lang='grc' dir='ltr'><strong><em>και</em></strong></span> <span class='ocrx_word' id='word_1_296' title='bbox 719 3697 777 3775; x_wconf 85' lang='grc' dir='ltr'><strong><em>τόν</em></strong></span> <span class='ocrx_word' id='word_1_297' title='bbox 795 3694 961 3799; x_wconf 83' lang='grc' dir='ltr'><strong><em>Αἰσγύλον</em></strong></span> <span class='ocrx_word' id='word_1_298' title='bbox 979 3702 1130 3810; x_wconf 84' lang='grc' dir='ltr'><strong><em>λέγοντα,</em></strong></span> <span class='ocrx_word' id='word_1_299' title='bbox 1178 3691 1181 3697; x_wconf 51' lang='grc'><strong><em>’</em></strong></span> 
     </span>
    </p>
   </div>
   <div class='ocr_carea' id='block_1_7' title="bbox 285 3799 1192 4035">
    <p class='ocr_par' dir='ltr' id='par_1_14' title="bbox 285 3799 1192 4035">
     <span class='ocr_line' id='line_1_34' title="bbox 490 3799 1192 3921; baseline 0.011 -31"><span class='ocrx_word' id='word_1_300' title='bbox 490 3864 529 3878; x_wconf 92' lang='lat'>-</span> <span class='ocrx_word' id='word_1_301' title='bbox 569 3826 668 3909; x_wconf 80' lang='grc' dir='ltr'><strong><em>σέβας</em></strong></span> <span class='ocrx_word' id='word_1_302' title='bbox 688 3828 722 3892; x_wconf 77' lang='grc' dir='ltr'><strong><em>δέ</em></strong></span> <span class='ocrx_word' id='word_1_303' title='bbox 741 3829 853 3915; x_wconf 83' lang='grc' dir='ltr'><strong><em>μηρῶν</em></strong></span> <span class='ocrx_word' id='word_1_304' title='bbox 873 3812 912 3909; x_wconf 91' lang='lat'><strong><em>06</em></strong></span> <span class='ocrx_word' id='word_1_305' title='bbox 912 3799 1106 3921; x_wconf 76' lang='grc' dir='ltr'><strong><em>κατργδέσω</em></strong></span> <span class='ocrx_word' id='word_1_306' title='bbox 1189 3835 1192 3841; x_wconf 81' lang='grc'><strong><em>’</em></strong></span> 
     </span>
     <span class='ocr_line' id='line_1_35' title="bbox 285 3918 1067 4035; baseline 0.009 -40"><span class='ocrx_word' id='word_1_307' title='bbox 285 4024 288 4029; x_wconf 24' lang='lat'><strong>⁴</strong></span> <span class='ocrx_word' id='word_1_308' title='bbox 369 3918 410 3996; x_wconf 81' lang='grc' dir='ltr'><em>Ὦ</em></span> <span class='ocrx_word' id='word_1_309' title='bbox 429 3927 621 4035; x_wconf 75' lang='grc' dir='ltr'><strong><em>δυσχάριστε</em></strong></span> <span class='ocrx_word' id='word_1_310' title='bbox 632 3932 703 4012; x_wconf 78' lang='grc' dir='ltr'><strong><em>τῶν</em></strong></span> <span class='ocrx_word' id='word_1_311' title='bbox 721 3932 849 4014; x_wconf 79' lang='grc' dir='ltr'><strong><em>πυκνῶν</em></strong></span> <span class='ocrx_word' id='word_1_312' title='bbox 867 3934 1067 4022; x_wconf 84' lang='grc' dir='ltr'><strong><em>φιλημάτων</em></strong></span> 
     </span>
    </p>
   </div>
   <div class='ocr_carea' id='block_1_8' title="bbox 186 4198 1153 4426">
    <p class='ocr_par' dir='ltr' id='par_1_15' title="bbox 186 4198 1143 4421">
     <span class='ocr_line' id='line_1_36' title="bbox 186 4198 1080 4323; baseline 0.003 -22"><span class='ocrx_word' id='word_1_313' title='bbox 186 4245 220 4304; x_wconf 84' lang='lat' dir='ltr'><strong><em>F.</em></strong></span> <span class='ocrx_word' id='word_1_314' title='bbox 246 4250 273 4302; x_wconf 78' lang='lat'><strong><em>3.</em></strong></span> <span class='ocrx_word' id='word_1_315' title='bbox 307 4198 1004 4323; x_wconf 56' lang='lat' dir='ltr'><em>6666606136616.&#39;Vulg666661606</em></span> <span class='ocrx_word' id='word_1_316' title='bbox 1049 4238 1051 4243; x_wconf 32' lang='lat'>¹</span> <span class='ocrx_word' id='word_1_317' title='bbox 1077 4202 1080 4207; x_wconf 24' lang='lat'>¹</span> 
     </span>
     <span class='ocr_line' id='line_1_37' title="bbox 186 4338 1153 4426; baseline 0.003 -31"><span class='ocrx_word' id='word_1_318' title='bbox 186 4338 221 4395; x_wconf 90' lang='grc' dir='ltr'><strong><em>Β.</em></strong></span> <span class='ocrx_word' id='word_1_319' title='bbox 245 4345 272 4400; x_wconf 84' lang='grc'><strong><em>4.</em></strong></span> <span class='ocrx_word' id='word_1_320' title='bbox 306 4342 404 4405; x_wconf 78' lang='grc' dir='ltr'><strong><em>δούλοις</em></strong></span> <span class='ocrx_word' id='word_1_321' title='bbox 420 4349 464 4414; x_wconf 72' lang='grc' dir='ltr'><strong><em>μιν</em></strong></span> <span class='ocrx_word' id='word_1_322' title='bbox 480 4343 541 4426; x_wconf 84' lang='grc' dir='ltr'><strong><em>γὰρ]</em></strong></span> <span class='ocrx_word' id='word_1_323' title='bbox 560 4338 716 4413; x_wconf 82' lang='lat' dir='ltr'>Wyttenb</span> <span class='ocrx_word' id='word_1_324' title='bbox 735 4341 824 4396; x_wconf 73' lang='grc' dir='ltr'><strong><em>εκΕ.</em></strong></span> <span class='ocrx_word' id='word_1_325' title='bbox 859 4341 940 4417; x_wconf 83' lang='lat' dir='ltr'>Vulg</span> <span class='ocrx_word' id='word_1_326' title='bbox 923 4361 958 4396; x_wconf 71' lang='grc' dir='ltr'><strong><em>νο</em></strong></span> <span class='ocrx_word' id='word_1_327' title='bbox 978 4341 1125 4400; x_wconf 73' lang='lat' dir='ltr'><strong><em>aberat&#39;</em></strong></span> <span class='ocrx_word' id='word_1_328' title='bbox 1094 4367 1153 4421; x_wconf 83' lang='grc' dir='ltr'><strong><em>γαρ.</em></strong></span> 
     </span>
    </p>
   </div>
   <div class='ocr_carea' id='block_1_9' title="bbox 187 4421 1472 4603">
    <p class='ocr_par' dir='ltr' id='par_1_16' title="bbox 187 4421 1472 4603">
     <span class='ocr_line' id='line_1_38' title="bbox 187 4421 1472 4521; baseline 0.007 -31"><span class='ocrx_word' id='word_1_329' title='bbox 187 4435 225 4493; x_wconf 91' lang='grc' dir='ltr'><strong><em>Β.</em></strong></span> <span class='ocrx_word' id='word_1_330' title='bbox 248 4442 273 4495; x_wconf 88' lang='grc'><strong><em>7.</em></strong></span> <span class='ocrx_word' id='word_1_331' title='bbox 307 4441 448 4504; x_wconf 73' lang='grc' dir='ltr'><strong><em>συνουσίας]</em></strong></span> <span class='ocrx_word' id='word_1_332' title='bbox 467 4455 482 4492; x_wconf 87' lang='lat' dir='ltr'>e</span> <span class='ocrx_word' id='word_1_333' title='bbox 501 4421 658 4521; x_wconf 47' lang='lat' dir='ltr'><strong><em>Wyptenh.</em></strong></span> <span class='ocrx_word' id='word_1_334' title='bbox 677 4434 856 4508; x_wconf 69' lang='lat' dir='ltr'><strong>conjectura.</strong></span> <span class='ocrx_word' id='word_1_335' title='bbox 893 4431 968 4502; x_wconf 77' lang='grc' dir='ltr'><strong><em>ούσια</em></strong></span> <span class='ocrx_word' id='word_1_336' title='bbox 984 4435 1045 4502; x_wconf 85' lang='grc' dir='ltr'><strong><em>ΒΕ,</em></strong></span> <span class='ocrx_word' id='word_1_337' title='bbox 1062 4437 1125 4500; x_wconf 76' lang='lat'><strong><em>66</em></strong></span> <span class='ocrx_word' id='word_1_338' title='bbox 1161 4437 1192 4494; x_wconf 88' lang='lat'><strong><em>06</em></strong></span> <span class='ocrx_word' id='word_1_339' title='bbox 1203 4443 1342 4502; x_wconf 76' lang='grc' dir='ltr'><strong><em>συνουσίαι</em></strong></span> <span class='ocrx_word' id='word_1_340' title='bbox 1364 4439 1472 4517; x_wconf 80' lang='lat' dir='ltr'><strong>Steph.</strong></span> 
     </span>
     <span class='ocr_line' id='line_1_39' title="bbox 321 4514 1031 4603; baseline 0.006 -21"><span class='ocrx_word' id='word_1_341' title='bbox 321 4545 337 4582; x_wconf 82' lang='lat' dir='ltr'>e</span> <span class='ocrx_word' id='word_1_342' title='bbox 355 4527 479 4589; x_wconf 83' lang='lat' dir='ltr'>Leonic.</span> <span class='ocrx_word' id='word_1_343' title='bbox 498 4514 716 4588; x_wconf 71' lang='lat'><em>8666611011.</em></span> <span class='ocrx_word' id='word_1_344' title='bbox 753 4525 784 4589; x_wconf 84' lang='grc' dir='ltr'><strong><em>ού</em></strong></span> <span class='ocrx_word' id='word_1_345' title='bbox 801 4533 862 4583; x_wconf 80' lang='grc' dir='ltr'><strong><em>τινα</em></strong></span> <span class='ocrx_word' id='word_1_346' title='bbox 877 4526 945 4585; x_wconf 84' lang='lat' dir='ltr'><strong><em>Bas</em></strong></span> <span class='ocrx_word' id='word_1_347' title='bbox 962 4529 1031 4603; x_wconf 87' lang='lat' dir='ltr'><strong><em>Xyl</em></strong></span> 
     </span>
    </p>
   </div>
   <div class='ocr_carea' id='block_1_10' title="bbox 188 4619 1399 4701">
    <p class='ocr_par' dir='ltr' id='par_1_17' title="bbox 188 4619 1399 4701">
     <span class='ocr_line' id='line_1_40' title="bbox 188 4619 1399 4701; baseline 0.007 -25"><span class='ocrx_word' id='word_1_348' title='bbox 188 4619 220 4676; x_wconf 79' lang='lat' dir='ltr'><strong><em>C.</em></strong></span> <span class='ocrx_word' id='word_1_349' title='bbox 245 4623 270 4677; x_wconf 75' lang='grc' dir='ltr'><strong>ὅ</strong></span> <span class='ocrx_word' id='word_1_350' title='bbox 304 4621 584 4695; x_wconf 68' lang='grc' dir='ltr'><strong><em>πντνάν1ΨΥῐῖθιιίιι</em></strong></span> <span class='ocrx_word' id='word_1_351' title='bbox 603 4619 1032 4693; x_wconf 70' lang='grc' dir='ltr'><strong><em>σὸοιιοιι.ιιιιοιι.ιιαιι.ι</em></strong></span> <span class='ocrx_word' id='word_1_352' title='bbox 1051 4623 1144 4700; x_wconf 76' lang='lat' dir='ltr'><strong>Bong.</strong></span> <span class='ocrx_word' id='word_1_353' title='bbox 1180 4625 1280 4701; x_wconf 81' lang='lat' dir='ltr'>Vulgo</span> <span class='ocrx_word' id='word_1_354' title='bbox 1296 4626 1399 4700; x_wconf 78' lang='grc' dir='ltr'><strong><em>πικρόν.</em></strong></span> 
     </span>
    </p>
   </div>
   <div class='ocr_carea' id='block_1_11' title="bbox 0 0 1530 4994">
    <p class='ocr_par' dir='ltr' id='par_1_18' title="bbox 0 0 1530 4994">
     <span class='ocr_line' id='line_1_41' title="bbox 0 0 1530 4994; baseline 0 0"><span class='ocrx_word' id='word_1_355' title='bbox 0 0 1530 4994; x_wconf 95' lang='lat' dir='ltr'><strong><em> </em></strong></span> 
     </span>
    </p>
   </div>
  </div>
 </body>
</html>
