3036 4994
56 191 95 254 50
533 181 870 253 IIAOYTAPXOY

51 350 179 433 μᾶλλον
205 348 241 413 ἀλ
265 343 396 427 λήθην,
412 334 472 410 ῶν
490 341 628 433 όἜρως
646 344 826 431 ἀνάμνησίς
847 346 945 411 ἔστιν.
973 339 1098 435 Ὥσπερ
1118 346 1181 434 γάρ
1205 342 1249 423 είς
1276 348 1354 435 φῶς

0 474 4 518 ι
53 451 211 516 πολύκαὶ
238 448 392 536 λαμπρόν
417 444 641 534 ἀνεγρομένων
665 447 821 534 ἐξοίχεται
845 447 1039 532 πάντατῆς
1063 452 1173 542 φυγῆς
1197 450 1237 514 τά
1261 449 1347 514 καθ’

50 547 169 628 όπνους
192 553 339 638 φανέντα
365 553 422 616 καί
448 551 682 639 διαπέφευγεν,
714 546 797 616 οάτω
823 553 887 616 τῶν
910 554 1090 638 γενομένων
1115 539 1264 618 ἐνταῦθα
1290 555 1360 617 καί

48 651 299 737 μεταβαλόντων
312 650 495 732 ἐκπλήττειν
510 651 593 718 ἔοικε
612 654 671 731 τήν
683 651 815 737 μνήμην
831 658 888 720 καὶ
904 653 1108 743 φαρμάττειν
1120 655 1179 734 τήν
1193 654 1349 721 διάνοιαν

50 752 197 838 όήλιος,
229 755 284 845 ὑφ’
307 755 428 837 ήδονής
449 758 505 820 καὶ
527 753 704 840 θαύματος
726 757 1020 841 ἐκλανθανομένων
1045 750 1182 827 ἐκείνων.
1221 758 1348 824 Καίτοι

47 859 85 927 τό
110 886 147 945 γε
172 856 259 949 ῦπαρ
286 859 328 938 ῶς
352 858 489 940 ἀληθῶς
515 861 582 924 ἐκεί
606 863 662 924 καὶ
686 864 761 944 περὶ
787 860 893 925 ἐκεῖνα
918 863 976 940 τῆς
1005 843 1112 953 φυχῆς
1137 862 1223 939 ε’στι,
1254 862 1347 947 δευρὶ

48 967 83 1031 δέ
104 1009 323 1032 .........
345 966 408 1029 τῶν
430 962 585 1029 ἐνυπνίων
606 961 785 1043 ἀσπάζεται
806 967 862 1029 καὶ
881 965 1006 1044 τέθηπε
1028 965 1065 1030 τὸ
1091 963 1266 1031 κάλλιστον
1286 969 1347 1030 καὶ

45 1066 237 1177 θειόταρον.

148 1239 150 1243 -
237 1193 342 1282 Ἀμφὶ
362 1195 398 1260 δὲ
417 1195 448 1257 οί
469 1192 626 1258 δολόεντα
647 1153 838 1281 φιλόφρονα
856 1194 948 1278 χεῦεν
965 1191 1093 1280 ὄνειρα,

45 1324 113 1388 πῶν
127 1323 279 1388 ’ἐνταῦθα
297 1323 486 1410 πειθομένῃ
500 1318 537 1384 τό
558 1319 660 1384 καλόν
680 1309 763 1383 εἶναι
786 1324 843 1384 καὶ
861 1319 983 1404 τίμιον,
1014 1317 1056 1385 ἀν
1073 1322 1119 1405 μή
1143 1320 1219 1411 τύχη
1240 1321 1343 1388 θείου

44 1431 101 1491 καὶ
120 1425 293 1513 σώφρονος
304 1424 443 1512 ’Ἑρωτος
462 1420 577 1509 ἰατροῦ
595 1425 650 1484 καί
670 1423 816 1507 σωτῆρος
823 1470 832 1500 ,
941 1471 1037 1489 .....
1057 1421 1094 1502 ὃς
1115 1426 1169 1490 διά
1184 1424 1346 1508 σωμάτων

0 1559 27 1590 ιο
45 1526 243 1615 ἀφικόμενος
258 1524 383 1608 ἀγωγός
393 1526 446 1588 ἐπὶ
460 1526 518 1602 τήν
533 1521 697 1602 ἀλήθειαν
714 1522 748 1603 ἐξ
758 1516 847 1613 ’ᾅδου
859 1529 915 1590 καὶ
929 1526 967 1590 τό
983 1526 1146 1607 ἀληθείας
1159 1528 1284 1608 πεδίου,
1305 1520 1347 1595 ού

43 1631 82 1695 τὸ
96 1628 179 1693 πολύ
195 1632 251 1693 καὶ
267 1628 425 1712 καθαρόν
437 1631 491 1691 καί
506 1626 645 1712 άφευδές
655 1620 784 1711 ἵδρυται
799 1626 932 1705 κάλλος,
952 1627 1178 1696 ἀσπάσασθαι
1197 1638 1253 1697 καὶ
1268 1655 1345 1718 συγ-

43 1733 203 1814 γενέσθαι
223 1730 277 1795 διά
295 1729 415 1819 χρόνου
440 1731 646 1806 ποθοῦντας,
673 1727 876 1815 ε’ξαναφὲρον
900 1733 958 1794 καὶ
985 1728 1183 1815 ἀναπέμπων
1210 1734 1345 1820 εὐμενής

43 1824 116 1898 οἷον
131 1833 165 1900 έν
183 1835 290 1925 τελετῇ
309 1834 454 1921 παρέστη
468 1831 694 1916 μυσταγωγὸς,
714 1831 863 1895 ἐνταῦθα
882 1831 982 1897 πάλιν
998 1839 1220 1919 πεμπομένων.
1245 1836 1345 1927 Αύτῇ

42 1944 103 2022 μέν
126 1926 185 2002 οῦν
204 1936 244 2002 ού
269 1936 438 2017 πλησιάζει
458 1939 548 2027 ψυχῇ
578 1934 659 2001 καθ’
684 1935 816 2014 ἑαυτήν,
846 1935 931 2000 ἀλλὰ
957 1938 1012 2002 διά
1035 1937 1200 2020 σώματος·
1234 1941 1276 2018 ώς
1307 1945 1343 2008 δέ

42 2047 221 2131 γεωμέτραι
240 2046 354 2108 παισὶν
368 2042 456 2108 ούπω
479 2042 670 2125 δυναμένοις
690 2038 740 2127 ἐφ’
764 2040 884 2106 ἑαυτῶν
901 2042 943 2105 τὰ
961 2040 1064 2119 νοητά
1086 2045 1260 2125 μυηθῆναι
1284 2047 1343 2124 τῆς

43 2145 219 2234 ἀσωμάτου
236 2150 293 2212 καί
313 2144 470 2223 ἀπαθοῦς
489 2138 606 2222 οῦσίας
622 2145 706 2224 εἴδη,
726 2142 920 2220 πλάττοντες
939 2141 1026 2208 άπτά
1044 2146 1101 2207 καὶ
1116 2141 1222 2227 ὁρατά
1241 2147 1343 2228 μιμή.

42 2276 133 2335 ματα
158 2255 310 2340 σφαιρῶν
331 2250 514 2334 καὶκύβων
537 2255 594 2315 καὶ
620 2247 847 2334 δωδεκαέδρων
870 2247 1113 2333 προτείνουσιν·
1139 2241 1241 2325 ούτως
1262 2247 1342 2329 ήμίυ

2 2366 11 2411 3
47 2352 238 2441 όούράνιος
253 2354 356 2442 Ἔρως
381 2352 525 2443 ἔσοπτρα
549 2353 657 2417 καλῶν
681 2352 783 2429 καλά,
816 2353 928 2431 θνητά
954 2354 1066 2434 μέντοι
1088 2352 1178 2415 θεῶν
1200 2352 1341 2430 παθητά

41 2461 99 2522 καὶ
125 2461 250 2536 νοητῶν
280 2455 431 2538 αἰσθητά
460 2457 691 2542 μηχανώμενος
717 2454 752 2519 ἓν
782 2480 816 2521 τε
847 2456 993 2541 σχήμασι
1021 2459 1075 2519 καὶ
1106 2455 1256 2542 χρώμασι
1283 2459 1341 2519 καὶ

42 2558 139 2622 εἴδεσι
162 2562 242 2624 νέων
266 2555 337 2650 ώρφ
359 2562 533 2644 στίλβοντα
554 2560 709 2637 δείκνυσι,
722 2564 788 2624 ,καὶ
807 2562 892 2623 κινεῖ
909 2560 969 2638 τήν
988 2558 1120 2642 μνήμην
1142 2559 1267 2644 ἀτρέμα
1284 2557 1338 2621 διά

42 2659 162 2726 τούτων
187 2662 456 2752 ἀναφλεγομένην
477 2664 515 2727 τό
538 2667 676 2752 πρῶτον.
707 2658 816 2728 Ὅθεν
837 2663 892 2725 διά
917 2660 1109 2738 σκαιότητος
1133 2659 1212 2723 ἔνιοι
1232 2660 1338 2740 φίλων

40 2768 98 2829 καὶ
117 2759 257 2843 οἰκείων,
286 2765 457 2850 σβεννύναι
480 2770 684 2856 πειρωμένων
706 2766 766 2857 βία
789 2769 847 2830 καὶ
868 2762 993 2847 ἀλόγως
1018 2765 1055 2828 τό
1078 2764 1209 2840 πάθος,
1242 2761 1338 2827 οὐδέν

43 2865 233 2934 ἀπέλαυσαν
252 2869 352 2936 αύτοῦ
367 2869 523 2956 χρηστὸν,
544 2869 614 2935 ἀλλ’
634 2866 656 2950 ἢ
676 2871 803 2933 καπνοῦ
825 2873 881 2934 καὶ
902 2869 1048 2952 ταραχῆς
1068 2867 1247 2946 ἐνέπλησαν
1267 2866 1339 2930 ίαν-

44 2973 135 3050 τούς,
156 2970 178 3052 ή
196 2973 279 3060 πρὸς
297 2971 419 3052 ἡδονάς
435 2971 582 3051 σκοτίους
599 2976 655 3037 καὶ
670 2971 884 3060 παρανόμους
905 2969 1031 3059 ῥυέντες
1046 2968 1181 3045 άκλινῶς
1198 2971 1340 3054 ε’μαραν-

48 3079 171 3155 θησαν.
211 3071 306 3140 Ὅσοι
336 3076 369 3140 δέ
395 3075 541 3162 σώφρονι
566 3078 710 3166 λογισμῷ
734 3074 801 3160 μετ’
830 3070 944 3151 αἰδοῦς
971 3064 1042 3138 οἷον
1072 3071 1208 3157 ἀτεχνῶς
1238 3073 1340 3158 πυρός

44 3175 181 3264 ἇφειλον
199 3177 236 3241 τό
252 3179 407 3261 μανικὸν,
429 3177 530 3264 αύγήν
551 3181 585 3245 δέ
605 3184 661 3246 καὶ
680 3183 750 3268 φῶς
770 3178 928 3244 ἀπέλιπον
947 3178 986 3269 τῇ
1004 3180 1095 3268 φυχῇ
1114 3178 1194 3258 μετά
1209 3176 1338 3261 θερμό-

44 3305 153 3361 mog,
175 3281 213 3346 ⁰2l
230 3285 380 3368 σεισμὸν,
402 3279 443 3361 ῶς
461 3308 508 3362 τις
526 3274 609 3362 εἷπε,
630 3285 781 3365 κινούσης
797 3285 848 3348 ἐπὶ
869 3283 1001 3369 σπέρμα
1019 3285 1075 3344 καὶ
1100 3278 1243 3343 ὄλισθον
1266 3277 1342 3341 ἀτό-

43 3405 113 3470 μων
125 3383 187 3449 ύπό
203 3383 366 3465 λειότητος
376 3391 432 3453 καί
446 3389 676 3474 γαργαλισμοῦ
690 3388 911 3470 θλιβομένων,
926 3383 1074 3469 διάχυσιν
1089 3383 1123 3447 δέ
1137 3381 1339 3462 θαυμαστήν

43 3491 101 3551 καὶ
127 3485 264 3573 γόνιμον
284 3484 390 3575 ῶσπερ
416 3491 450 3555 έν
471 3491 564 3579 φυτῷ
585 3489 804 3573 βλαστάνοντι
826 3491 883 3553 καὶ
909 3488 1112 3575 τρεφομένῳ,
1142 3487 1198 3548 καὶ
1216 3483 1340 3568 πόρους

44 3588 242 3675 ἀνοίγουσαν
266 3590 451 3669 εὐπειθείας
471 3597 528 3658 καὶ
548 3593 812 3681 φιλοφροσύνης,
842 3589 900 3655 οῦκ
920 3588 962 3653 άν
983 3589 1000 3653 ό
1021 3590 1119 3664 πολύς
1139 3585 1272 3675 χρόνος,
1305 3587 1340 3649 έν

46 3683 71 3784 ᾧ
90 3692 127 3758 τό
145 3717 178 3760 τε
193 3695 287 3781 σῶμα
307 3696 344 3761 τό
364 3699 426 3760 τῶν
445 3696 612 3785 ἐρωμένων
629 3693 853 3782 παρελθόντες
871 3692 933 3758 ἔσω
953 3694 1129 3782 φέρονται,
1149 3696 1204 3754 καὶ
1221 3684 1340 3753 άπτον-

44 3872 341 3885 ————.

49 3968 83 4025 E.
102 3970 154 4030 ult.
174 3968 459 4046 ὁἜρως1-αυτίοιι1οτ
478 3975 604 4031 accessit
622 3992 637 4029 e
656 3971 716 4032 ΒΕ.

50 4062 83 4122 F.
108 4072 135 4124 4.
170 4056 254 4121 καίτοι
269 4066 300 4122 τό
316 4069 356 4137 γε]
376 4068 410 4122 E.
446 4067 543 4141 Vulgo
561 4074 644 4122 καίτοι
660 4089 696 4137 γε.

50 4156 84 4216 F.
108 4162 134 4214 5.
167 4160 211 4229 τῆς
227 4161 322 4230 ψυχῆς]
341 4159 402 4219 ΒΕ.
421 4157 581 4233 Wyttenb.
616 4157 712 4233 Vulgo
730 4165 785 4219 ταῖς
801 4165 903 4228 φυγαῖς.

51 4249 84 4306 F.
108 4255 132 4306 8.
169 4253 250 4318 χεῦεν]
269 4252 331 4312 ΒΕ.
350 4250 504 4324 Wytlenb.
540 4250 640 4325 Vulgo
655 4250 740 4318 χεῦον.

51 4342 84 4397 F.
109 4349 134 4399 9.
170 4348 322 4417 πειθομένη]
346 4344 396 4400 ΒΕ
443 4343 544 4418 Vulgo
562 4350 700 4412 πιθομέτη.
737 4337 895 4412 Wyttenb.
914 4340 1042 4414 conjecit
1058 4346 1196 4411 πιθομένη.

51 4434 85 4493 F.
104 4436 154 4493 ult.
174 4435 200 4497 ὃς
217 4437 271 4504 διὰ]
291 4456 306 4494 e
324 4439 423 4497 Reisk.
441 4447 472 4493 et
488 4437 644 4509 Wyltenb.
663 4435 845 4506 conjectura.
881 4433 981 4508 Vulgo
999 4430 1083 4490 abest
1100 4431 1139 4495 ὅς.

51 4529 88 4583 Α.
114 4537 138 4585 l.
173 4525 279 4599 ἀγωγός]
298 4530 360 4588 ΒΕ.
396 4530 492 4604 Vulgo
510 4527 620 4600 ἀγαθός.

50 4626 89 4678 Α,
113 4628 138 4678 2.
174 4621 273 4688 κάλλος,
289 4620 468 4691 ἀσπάσασθαι]
487 4624 583 4680 Reisk.
599 4633 628 4677 el
643 4600 800 4694 Wyttenb‘.
814 4622 1006 4693 conjecerunt
1016 4619 1115 4686 κάλλος,
1135 4615 1338 4674 ἀάσπύσασθαι.
