<?xml version="1.0" encoding="UTF-8"?>
<!DOCTYPE html PUBLIC "-//W3C//DTD XHTML 1.0 Transitional//EN"
    "http://www.w3.org/TR/xhtml1/DTD/xhtml1-transitional.dtd">
<html xmlns="http://www.w3.org/1999/xhtml" xml:lang="en" lang="en">
 <head>
  <title>
</title>
<meta http-equiv="Content-Type" content="text/html;charset=utf-8" />
  <meta name='ocr-system' content='tesseract 3.04.00' />
  <meta name='ocr-capabilities' content='ocr_page ocr_carea ocr_par ocr_line ocrx_word'/>
</head>
<body>
  <div class='ocr_page' id='page_1' title='image "./plutarchierotic00xylagoog_0222.png"; bbox 0 0 3036 4994; ppageno 0'>
   <div class='ocr_carea' id='block_1_1' title="bbox 1290 244 1350 311">
    <p class='ocr_par' dir='ltr' id='par_1_1' title="bbox 1290 244 1350 311">
     <span class='ocr_line' id='line_1_1' title="bbox 1290 244 1350 311; baseline 0.033 -2"><span class='ocrx_word' id='word_1_1' title='bbox 1290 244 1350 311; x_wconf 78' lang='lat'><strong><em>197</em></strong></span> 
     </span>
    </p>
   </div>
   <div class='ocr_carea' id='block_1_2' title="bbox 59 394 1359 1777">
    <p class='ocr_par' dir='ltr' id='par_1_2' title="bbox 59 394 1359 1777">
     <span class='ocr_line' id='line_1_2' title="bbox 59 394 1353 477; baseline -0.001 -18"><span class='ocrx_word' id='word_1_2' title='bbox 59 405 103 459; x_wconf 77' lang='grc' dir='ltr'><strong><em>καὶ</em></strong></span> <span class='ocrx_word' id='word_1_3' title='bbox 122 399 201 464; x_wconf 69' lang='grc' dir='ltr'><strong><em>οὗτος</em></strong></span> <span class='ocrx_word' id='word_1_4' title='bbox 214 397 411 476; x_wconf 72' lang='grc' dir='ltr'><strong><em>εὕπλασνὸτερον</em></strong></span> <span class='ocrx_word' id='word_1_5' title='bbox 424 400 498 457; x_wconf 73' lang='grc' dir='ltr'><strong><em>εἶναι.</em></strong></span> <span class='ocrx_word' id='word_1_6' title='bbox 514 397 556 458; x_wconf 77' lang='lat' dir='ltr'><strong><em>th.</em></strong></span> <span class='ocrx_word' id='word_1_7' title='bbox 579 417 611 475; x_wconf 86' lang='lat' dir='ltr'><strong><em>p.</em></strong></span> <span class='ocrx_word' id='word_1_8' title='bbox 625 405 676 461; x_wconf 81' lang='lat' dir='ltr'><strong><em>ort</em></strong></span> <span class='ocrx_word' id='word_1_9' title='bbox 692 399 727 460; x_wconf 86' lang='lat' dir='ltr'><strong><em>G.</em></strong></span> <span class='ocrx_word' id='word_1_10' title='bbox 747 397 783 458; x_wconf 78' lang='grc' dir='ltr'><strong><em>(λε</em></strong></span> <span class='ocrx_word' id='word_1_11' title='bbox 800 416 865 476; x_wconf 86' lang='lat' dir='ltr'>rep.</span> <span class='ocrx_word' id='word_1_12' title='bbox 882 394 938 457; x_wconf 86' lang='lat'>111.</span> <span class='ocrx_word' id='word_1_13' title='bbox 955 416 985 474; x_wconf 86' lang='lat' dir='ltr'><strong><em>p.</em></strong></span> <span class='ocrx_word' id='word_1_14' title='bbox 996 407 1046 463; x_wconf 84' lang='grc'><strong><em>411</em></strong></span> <span class='ocrx_word' id='word_1_15' title='bbox 1062 400 1100 464; x_wconf 84' lang='grc' dir='ltr'><strong>Β.</strong></span> <span class='ocrx_word' id='word_1_16' title='bbox 1124 400 1203 463; x_wconf 82' lang='lat' dir='ltr'>Plut.</span> <span class='ocrx_word' id='word_1_17' title='bbox 1232 398 1353 477; x_wconf 79' lang='lat' dir='ltr'><strong>Septem</strong></span> 
     </span>
     <span class='ocr_line' id='line_1_3' title="bbox 59 490 1354 569; baseline -0.001 -17"><span class='ocrx_word' id='word_1_18' title='bbox 59 494 134 569; x_wconf 84' lang='lat' dir='ltr'>Sap.</span> <span class='ocrx_word' id='word_1_19' title='bbox 153 495 246 554; x_wconf 87' lang='lat' dir='ltr'>Conv.</span> <span class='ocrx_word' id='word_1_20' title='bbox 268 513 300 569; x_wconf 88' lang='lat' dir='ltr'><strong><em>p.</em></strong></span> <span class='ocrx_word' id='word_1_21' title='bbox 313 499 365 553; x_wconf 81' lang='lat' dir='ltr'><strong><em>tto</em></strong></span> <span class='ocrx_word' id='word_1_22' title='bbox 383 493 424 550; x_wconf 90' lang='lat' dir='ltr'><strong><em>D.</em></strong></span> <span class='ocrx_word' id='word_1_23' title='bbox 442 490 515 569; x_wconf 87' lang='lat' dir='ltr'>ibiq.</span> <span class='ocrx_word' id='word_1_24' title='bbox 532 491 688 567; x_wconf 85' lang='lat' dir='ltr'>Wyttenh.</span> <span class='ocrx_word' id='word_1_25' title='bbox 713 493 851 567; x_wconf 88' lang='lat' dir='ltr'>Sympos.</span> <span class='ocrx_word' id='word_1_26' title='bbox 871 492 991 564; x_wconf 80' lang='lat' dir='ltr'>Quaest.</span> <span class='ocrx_word' id='word_1_27' title='bbox 1008 494 1034 554; x_wconf 92' lang='lat'><strong><em>1.</em></strong></span> <span class='ocrx_word' id='word_1_28' title='bbox 1051 515 1081 569; x_wconf 88' lang='lat' dir='ltr'><strong><em>p.</em></strong></span> <span class='ocrx_word' id='word_1_29' title='bbox 1103 502 1155 556; x_wconf 77' lang='lat' dir='ltr'><strong><em>ott</em></strong></span> <span class='ocrx_word' id='word_1_30' title='bbox 1170 496 1207 552; x_wconf 91' lang='lat' dir='ltr'><strong><em>D.</em></strong></span> <span class='ocrx_word' id='word_1_31' title='bbox 1230 495 1354 569; x_wconf 70' lang='grc' dir='ltr'><strong><em>φειδωλὸς</em></strong></span> 
     </span>
     <span class='ocr_line' id='line_1_4' title="bbox 59 584 1354 662; baseline 0.003 -19"><span class='ocrx_word' id='word_1_32' title='bbox 59 584 175 662; x_wconf 75' lang='grc' dir='ltr'><strong><em>ἆνὴρτε</em></strong></span> <span class='ocrx_word' id='word_1_33' title='bbox 193 593 236 644; x_wconf 81' lang='grc' dir='ltr'><strong><em>καλ</em></strong></span> <span class='ocrx_word' id='word_1_34' title='bbox 251 585 415 662; x_wconf 73' lang='grc' dir='ltr'><strong><em>μικρολόγος,</em></strong></span> <span class='ocrx_word' id='word_1_35' title='bbox 440 584 551 658; x_wconf 68' lang='grc' dir='ltr'><strong><em>ἔμπεσῶν</em></strong></span> <span class='ocrx_word' id='word_1_36' title='bbox 571 593 605 650; x_wconf 83' lang='grc' dir='ltr'><strong><em>είς</em></strong></span> <span class='ocrx_word' id='word_1_37' title='bbox 624 593 720 660; x_wconf 74' lang='lat' dir='ltr'>Ipora,</span> <span class='ocrx_word' id='word_1_38' title='bbox 742 585 864 659; x_wconf 75' lang='grc' dir='ltr'><strong><em>καθάπερ</em></strong></span> <span class='ocrx_word' id='word_1_39' title='bbox 883 591 932 648; x_wconf 82' lang='grc' dir='ltr'><strong><em>είς</em></strong></span> <span class='ocrx_word' id='word_1_40' title='bbox 950 586 1013 659; x_wconf 79' lang='grc' dir='ltr'><strong><em>πῖιρ</em></strong></span> <span class='ocrx_word' id='word_1_41' title='bbox 1034 588 1354 660; x_wconf 73' lang='grc' dir='ltr'><strong><em>σίδηρος“,··ιῖνεθιλς</em></strong></span> 
     </span>
     <span class='ocr_line' id='line_1_5' title="bbox 59 675 1352 755; baseline 0.004 -19"><span class='ocrx_word' id='word_1_42' title='bbox 59 686 105 736; x_wconf 77' lang='grc' dir='ltr'><strong><em>καί</em></strong></span> <span class='ocrx_word' id='word_1_43' title='bbox 125 687 280 754; x_wconf 80' lang='grc' dir='ltr'><strong><em>μαλαχθείς,</em></strong></span> <span class='ocrx_word' id='word_1_44' title='bbox 308 676 403 742; x_wconf 74' lang='grc' dir='ltr'><strong><em>ἃπαλὸς</em></strong></span> <span class='ocrx_word' id='word_1_45' title='bbox 421 686 465 736; x_wconf 78' lang='grc' dir='ltr'><strong><em>καλ</em></strong></span> <span class='ocrx_word' id='word_1_46' title='bbox 485 675 563 754; x_wconf 75' lang='grc' dir='ltr'><strong><em>ὗμρὸς</em></strong></span> <span class='ocrx_word' id='word_1_47' title='bbox 584 685 628 736; x_wconf 81' lang='grc' dir='ltr'><strong><em>καὶ</em></strong></span> <span class='ocrx_word' id='word_1_48' title='bbox 647 678 732 748; x_wconf 73' lang='grc' dir='ltr'><strong><em>ἡδίων.</em></strong></span> <span class='ocrx_word' id='word_1_49' title='bbox 757 679 792 736; x_wconf 87' lang='lat' dir='ltr'><strong><em>de</em></strong></span> <span class='ocrx_word' id='word_1_50' title='bbox 816 678 890 738; x_wconf 79' lang='lat' dir='ltr'>dise.</span> <span class='ocrx_word' id='word_1_51' title='bbox 917 677 995 736; x_wconf 78' lang='lat' dir='ltr'>adul.</span> <span class='ocrx_word' id='word_1_52' title='bbox 1017 676 1054 734; x_wconf 78' lang='lat' dir='ltr'><strong><em>ab</em></strong></span> <span class='ocrx_word' id='word_1_53' title='bbox 1079 681 1173 737; x_wconf 82' lang='lat' dir='ltr'>amico</span> <span class='ocrx_word' id='word_1_54' title='bbox 1203 700 1233 755; x_wconf 83' lang='lat' dir='ltr'><strong><em>p.</em></strong></span> <span class='ocrx_word' id='word_1_55' title='bbox 1257 686 1290 740; x_wconf 81' lang='grc'><strong><em>73</em></strong></span> <span class='ocrx_word' id='word_1_56' title='bbox 1316 682 1352 742; x_wconf 84' lang='lat' dir='ltr'><strong><em>G.</em></strong></span> 
     </span>
     <span class='ocr_line' id='line_1_6' title="bbox 60 768 1354 849; baseline 0.005 -25"><span class='ocrx_word' id='word_1_57' title='bbox 60 770 143 846; x_wconf 74' lang='grc' dir='ltr'><strong><em>οἵσπερ</em></strong></span> <span class='ocrx_word' id='word_1_58' title='bbox 170 768 339 846; x_wconf 75' lang='grc' dir='ltr'><strong><em>ὃσίδηρος</em></strong></span> <span class='ocrx_word' id='word_1_59' title='bbox 354 772 542 846; x_wconf 75' lang='grc' dir='ltr'><strong><em>πυκνοῦταιτῇ</em></strong></span> <span class='ocrx_word' id='word_1_60' title='bbox 559 769 688 846; x_wconf 71' lang='grc' dir='ltr'><strong><em>περιψύξει</em></strong></span> <span class='ocrx_word' id='word_1_61' title='bbox 707 778 750 827; x_wconf 76' lang='grc' dir='ltr'><strong><em>καί</em></strong></span> <span class='ocrx_word' id='word_1_62' title='bbox 769 775 867 841; x_wconf 79' lang='grc' dir='ltr'><strong><em>δέχεται</em></strong></span> <span class='ocrx_word' id='word_1_63' title='bbox 883 769 928 842; x_wconf 77' lang='grc' dir='ltr'><strong><em>την</em></strong></span> <span class='ocrx_word' id='word_1_64' title='bbox 946 768 1088 844; x_wconf 74' lang='grc' dir='ltr'><strong><em>στόμωσιν,</em></strong></span> <span class='ocrx_word' id='word_1_65' title='bbox 1103 769 1238 837; x_wconf 77' lang='grc' dir='ltr'><strong><em>ἆνεθιλς</em></strong></span> <span class='ocrx_word' id='word_1_66' title='bbox 1255 775 1354 849; x_wconf 57' lang='lat' dir='ltr'>wolton</span> 
     </span>
     <span class='ocr_line' id='line_1_7' title="bbox 59 859 1355 940; baseline 0.003 -21"><span class='ocrx_word' id='word_1_67' title='bbox 59 859 110 940; x_wconf 61' lang='grc' dir='ltr'><strong><em>ῥπὸ</em></strong></span> <span class='ocrx_word' id='word_1_68' title='bbox 123 864 284 938; x_wconf 72' lang='grc' dir='ltr'><strong><em>θερμότητος</em></strong></span> <span class='ocrx_word' id='word_1_69' title='bbox 300 870 343 922; x_wconf 76' lang='grc' dir='ltr'><strong><em>καὶ</em></strong></span> <span class='ocrx_word' id='word_1_70' title='bbox 358 865 471 936; x_wconf 89' lang='grc' dir='ltr'><strong><em>μαλακὸς</em></strong></span> <span class='ocrx_word' id='word_1_71' title='bbox 485 863 630 938; x_wconf 73' lang='grc' dir='ltr'><strong><em>γενόμενος,</em></strong></span> <span class='ocrx_word' id='word_1_72' title='bbox 647 862 715 920; x_wconf 73' lang='grc' dir='ltr'><strong><em>οὕτω</em></strong></span> <span class='ocrx_word' id='word_1_73' title='bbox 734 874 788 927; x_wconf 83' lang='grc' dir='ltr'><strong><em>τοῖς</em></strong></span> <span class='ocrx_word' id='word_1_74' title='bbox 801 869 884 935; x_wconf 82' lang='grc' dir='ltr'><strong><em>φίλοις</em></strong></span> <span class='ocrx_word' id='word_1_75' title='bbox 903 868 1087 936; x_wconf 70' lang='grc' dir='ltr'><strong><em>διακεχυμένοις</em></strong></span> <span class='ocrx_word' id='word_1_76' title='bbox 1103 869 1147 920; x_wconf 73' lang='grc' dir='ltr'><strong><em>καὶ</em></strong></span> <span class='ocrx_word' id='word_1_77' title='bbox 1162 874 1269 938; x_wconf 75' lang='grc' dir='ltr'><strong><em>θερμοῖς</em></strong></span> <span class='ocrx_word' id='word_1_78' title='bbox 1284 865 1355 924; x_wconf 80' lang='grc' dir='ltr'><strong><em>οὖσιν</em></strong></span> 
     </span>
     <span class='ocr_line' id='line_1_8' title="bbox 60 953 1354 1032; baseline 0.004 -20"><span class='ocrx_word' id='word_1_79' title='bbox 60 953 112 1013; x_wconf 71' lang='grc' dir='ltr'><strong><em>ὑπὸ</em></strong></span> <span class='ocrx_word' id='word_1_80' title='bbox 131 958 181 1013; x_wconf 78' lang='grc' dir='ltr'><strong><em>τῶν</em></strong></span> <span class='ocrx_word' id='word_1_81' title='bbox 200 964 325 1025; x_wconf 80' lang='grc' dir='ltr'><strong><em>έπαίνων,</em></strong></span> <span class='ocrx_word' id='word_1_82' title='bbox 343 957 426 1032; x_wconf 72' lang='grc' dir='ltr'><strong><em>ὅσπερ</em></strong></span> <span class='ocrx_word' id='word_1_83' title='bbox 449 956 534 1028; x_wconf 77' lang='grc' dir='ltr'><strong><em>βαφὴν</em></strong></span> <span class='ocrx_word' id='word_1_84' title='bbox 557 955 655 1030; x_wconf 75' lang='grc' dir='ltr'><strong><em>οἶτρέμα</em></strong></span> <span class='ocrx_word' id='word_1_85' title='bbox 673 955 719 1028; x_wconf 76' lang='grc' dir='ltr'><strong><em>την</em></strong></span> <span class='ocrx_word' id='word_1_86' title='bbox 737 961 881 1028; x_wconf 73' lang='grc' dir='ltr'><strong><em>παρρησίαν</em></strong></span> <span class='ocrx_word' id='word_1_87' title='bbox 900 955 1010 1027; x_wconf 75' lang='grc' dir='ltr'><strong><em>ἐπάγειν.</em></strong></span> <span class='ocrx_word' id='word_1_88' title='bbox 1044 957 1097 1012; x_wconf 85' lang='lat' dir='ltr'>vit.</span> <span class='ocrx_word' id='word_1_89' title='bbox 1120 956 1209 1013; x_wconf 86' lang='lat' dir='ltr'>Dion.</span> <span class='ocrx_word' id='word_1_90' title='bbox 1235 977 1262 1018; x_wconf 87' lang='lat' dir='ltr'><strong><em>c.</em></strong></span> <span class='ocrx_word' id='word_1_91' title='bbox 1285 959 1354 1018; x_wconf 86' lang='lat' dir='ltr'>VII.</span> 
     </span>
     <span class='ocr_line' id='line_1_9' title="bbox 60 1045 1357 1126; baseline 0.002 -22"><span class='ocrx_word' id='word_1_92' title='bbox 60 1045 106 1121; x_wconf 69' lang='grc' dir='ltr'><strong><em>ὑφ’</em></strong></span> <span class='ocrx_word' id='word_1_93' title='bbox 124 1047 191 1122; x_wconf 62' lang='lat' dir='ltr'>olor}</span> <span class='ocrx_word' id='word_1_94' title='bbox 213 1056 345 1126; x_wconf 79' lang='grc' dir='ltr'><strong><em>τυραννὶς,</em></strong></span> <span class='ocrx_word' id='word_1_95' title='bbox 369 1048 453 1123; x_wconf 76' lang='grc' dir='ltr'><strong><em>ὥσπερ</em></strong></span> <span class='ocrx_word' id='word_1_96' title='bbox 474 1054 629 1122; x_wconf 77' lang='grc' dir='ltr'><strong><em>σίδηρος,</em></strong></span> <span class='ocrx_word' id='word_1_97' title='bbox 647 1053 844 1123; x_wconf 75' lang='grc' dir='ltr'><strong><em>μαλασσομένη,</em></strong></span> <span class='ocrx_word' id='word_1_98' title='bbox 868 1059 922 1111; x_wconf 76' lang='grc' dir='ltr'><strong><em>τοῖς</em></strong></span> <span class='ocrx_word' id='word_1_99' title='bbox 940 1056 986 1122; x_wconf 76' lang='grc' dir='ltr'><strong><em>μέν</em></strong></span> <span class='ocrx_word' id='word_1_100' title='bbox 1003 1045 1153 1124; x_wconf 71' lang='grc' dir='ltr'><strong><em>ἀρχομένοις</em></strong></span> <span class='ocrx_word' id='word_1_101' title='bbox 1168 1049 1246 1123; x_wconf 65' lang='grc' dir='ltr'><strong><em>ἐφάνη</em></strong></span> <span class='ocrx_word' id='word_1_102' title='bbox 1266 1053 1357 1124; x_wconf 78' lang='grc' dir='ltr'><strong><em>φιλάν-</em></strong></span> 
     </span>
     <span class='ocr_line' id='line_1_10' title="bbox 61 1130 1357 1221; baseline 0.002 -22"><span class='ocrx_word' id='word_1_103' title='bbox 61 1151 181 1217; x_wconf 89' lang='grc' dir='ltr'><strong><em>θρωπος,</em></strong></span> <span class='ocrx_word' id='word_1_104' title='bbox 202 1148 247 1200; x_wconf 81' lang='grc' dir='ltr'><strong><em>καί</em></strong></span> <span class='ocrx_word' id='word_1_105' title='bbox 254 1146 289 1221; x_wconf 85' lang='grc' dir='ltr'><strong><em>τὸ</em></strong></span> <span class='ocrx_word' id='word_1_106' title='bbox 309 1151 364 1200; x_wconf 88' lang='grc' dir='ltr'><strong><em>λίαν</em></strong></span> <span class='ocrx_word' id='word_1_107' title='bbox 380 1138 556 1216; x_wconf 67' lang='grc' dir='ltr'><strong><em>ἀπάνθρωπον</em></strong></span> <span class='ocrx_word' id='word_1_108' title='bbox 573 1139 741 1211; x_wconf 74' lang='grc' dir='ltr'><strong><em>ὑπανῆκεν.</em></strong></span> <span class='ocrx_word' id='word_1_109' title='bbox 777 1143 829 1199; x_wconf 87' lang='lat' dir='ltr'>vit.</span> <span class='ocrx_word' id='word_1_110' title='bbox 844 1141 941 1199; x_wconf 87' lang='lat' dir='ltr'>Alcib.</span> <span class='ocrx_word' id='word_1_111' title='bbox 963 1160 989 1198; x_wconf 85' lang='lat' dir='ltr'><strong><em>c.</em></strong></span> <span class='ocrx_word' id='word_1_112' title='bbox 1002 1141 1058 1199; x_wconf 88' lang='lat' dir='ltr'>VI·</span> <span class='ocrx_word' id='word_1_113' title='bbox 1078 1142 1160 1219; x_wconf 76' lang='grc' dir='ltr'><strong><em>οἵσπερ</em></strong></span> <span class='ocrx_word' id='word_1_114' title='bbox 1176 1141 1221 1199; x_wconf 84' lang='grc' dir='ltr'><strong><em>οὖν</em></strong></span> <span class='ocrx_word' id='word_1_115' title='bbox 1240 1130 1357 1218; x_wconf 79' lang='grc' dir='ltr'><strong><em>ὅσίδη·</em></strong></span> 
     </span>
     <span class='ocr_line' id='line_1_11' title="bbox 61 1232 1359 1312; baseline 0.005 -22"><span class='ocrx_word' id='word_1_116' title='bbox 61 1258 118 1309; x_wconf 87' lang='grc' dir='ltr'><strong><em>ρος</em></strong></span> <span class='ocrx_word' id='word_1_117' title='bbox 138 1242 164 1292; x_wconf 74' lang='grc' dir='ltr'><strong><em>έν</em></strong></span> <span class='ocrx_word' id='word_1_118' title='bbox 180 1237 214 1307; x_wconf 77' lang='grc' dir='ltr'><strong><em>τῷ</em></strong></span> <span class='ocrx_word' id='word_1_119' title='bbox 231 1243 292 1309; x_wconf 73' lang='grc' dir='ltr'><strong><em>πυρὶ</em></strong></span> <span class='ocrx_word' id='word_1_120' title='bbox 308 1235 500 1309; x_wconf 77' lang='grc' dir='ltr'><strong><em>μαλασσόμενος</em></strong></span> <span class='ocrx_word' id='word_1_121' title='bbox 526 1234 605 1300; x_wconf 79' lang='grc' dir='ltr'><strong><em>αὖθις</em></strong></span> <span class='ocrx_word' id='word_1_122' title='bbox 619 1232 669 1293; x_wconf 74' lang='grc' dir='ltr'><strong><em>ὑπὸ</em></strong></span> <span class='ocrx_word' id='word_1_123' title='bbox 688 1238 736 1292; x_wconf 78' lang='grc' dir='ltr'><strong><em>τοῦ</em></strong></span> <span class='ocrx_word' id='word_1_124' title='bbox 753 1237 856 1309; x_wconf 77' lang='grc' dir='ltr'><strong><em>ψυχροῦ</em></strong></span> <span class='ocrx_word' id='word_1_125' title='bbox 872 1238 1009 1294; x_wconf 78' lang='grc' dir='ltr'><strong><em>πυκνοῖσαι</em></strong></span> <span class='ocrx_word' id='word_1_126' title='bbox 1023 1244 1066 1294; x_wconf 78' lang='grc' dir='ltr'><strong><em>καὶ</em></strong></span> <span class='ocrx_word' id='word_1_127' title='bbox 1085 1238 1179 1294; x_wconf 77' lang='grc' dir='ltr'><strong><em>σύνεισι</em></strong></span> <span class='ocrx_word' id='word_1_128' title='bbox 1192 1249 1246 1302; x_wconf 79' lang='grc' dir='ltr'><strong><em>τοῖς</em></strong></span> <span class='ocrx_word' id='word_1_129' title='bbox 1259 1247 1359 1312; x_wconf 86' lang='grc' dir='ltr'><strong><em>μορίοις</em></strong></span> 
     </span>
     <span class='ocr_line' id='line_1_12' title="bbox 59 1326 1359 1404; baseline 0.004 -20"><span class='ocrx_word' id='word_1_130' title='bbox 59 1333 97 1392; x_wconf 77' lang='grc' dir='ltr'><strong><em>εἷς</em></strong></span> <span class='ocrx_word' id='word_1_131' title='bbox 115 1327 207 1395; x_wconf 67' lang='grc' dir='ltr'><strong><em>αὑτὸν,</em></strong></span> <span class='ocrx_word' id='word_1_132' title='bbox 228 1328 306 1392; x_wconf 76' lang='grc' dir='ltr'><strong><em>οὕτως</em></strong></span> <span class='ocrx_word' id='word_1_133' title='bbox 322 1326 444 1385; x_wconf 74' lang='grc' dir='ltr'><strong><em>ὶκεῖνονὸ</em></strong></span> <span class='ocrx_word' id='word_1_134' title='bbox 464 1327 604 1404; x_wconf 77' lang='grc' dir='ltr'><strong><em>Σωκράτης</em></strong></span> <span class='ocrx_word' id='word_1_135' title='bbox 621 1360 653 1374; x_wconf 90' lang='grc'>-</span> <span class='ocrx_word' id='word_1_136' title='bbox 669 1333 760 1396; x_wconf 73' lang='grc' dir='ltr'><strong><em>πιέζων</em></strong></span> <span class='ocrx_word' id='word_1_137' title='bbox 775 1332 810 1400; x_wconf 71' lang='grc' dir='ltr'><strong><em>τῷ</em></strong></span> <span class='ocrx_word' id='word_1_138' title='bbox 831 1329 896 1402; x_wconf 77' lang='grc' dir='ltr'><strong><em>λόγῳ</em></strong></span> <span class='ocrx_word' id='word_1_139' title='bbox 910 1337 955 1391; x_wconf 75' lang='grc' dir='ltr'><strong><em>,καὶ</em></strong></span> <span class='ocrx_word' id='word_1_140' title='bbox 975 1337 1131 1400; x_wconf 83' lang='grc' dir='ltr'><strong><em>συστέλλων,</em></strong></span> <span class='ocrx_word' id='word_1_141' title='bbox 1148 1330 1264 1387; x_wconf 84' lang='grc' dir='ltr'><strong><em>ταπεινὸν</em></strong></span> <span class='ocrx_word' id='word_1_142' title='bbox 1279 1339 1359 1389; x_wconf 70' lang='grc' dir='ltr'><strong><em>ἐποίει</em></strong></span> 
     </span>
     <span class='ocr_line' id='line_1_13' title="bbox 62 1420 1358 1499; baseline 0.005 -21"><span class='ocrx_word' id='word_1_143' title='bbox 62 1428 107 1478; x_wconf 79' lang='grc' dir='ltr'><strong><em>καὶ</em></strong></span> <span class='ocrx_word' id='word_1_144' title='bbox 129 1420 249 1495; x_wconf 76' lang='grc' dir='ltr'><strong><em>ἄτολμον.</em></strong></span> <span class='ocrx_word' id='word_1_145' title='bbox 276 1423 311 1479; x_wconf 87' lang='lat' dir='ltr'><strong><em>de</em></strong></span> <span class='ocrx_word' id='word_1_146' title='bbox 331 1421 419 1495; x_wconf 85' lang='lat' dir='ltr'>Py&#39;th.</span> <span class='ocrx_word' id='word_1_147' title='bbox 439 1424 552 1485; x_wconf 78' lang='lat' dir='ltr'>oracul.</span> <span class='ocrx_word' id='word_1_148' title='bbox 571 1444 600 1498; x_wconf 88' lang='lat' dir='ltr'><strong><em>p.</em></strong></span> <span class='ocrx_word' id='word_1_149' title='bbox 616 1430 668 1483; x_wconf 83' lang='grc'><strong><em>436</em></strong></span> <span class='ocrx_word' id='word_1_150' title='bbox 686 1423 720 1480; x_wconf 89' lang='lat' dir='ltr'><strong><em>G.</em></strong></span> <span class='ocrx_word' id='word_1_151' title='bbox 738 1442 770 1499; x_wconf 85' lang='lat' dir='ltr'><strong><em>p.</em></strong></span> <span class='ocrx_word' id='word_1_152' title='bbox 787 1431 840 1484; x_wconf 86' lang='grc'><strong><em>433</em></strong></span> <span class='ocrx_word' id='word_1_153' title='bbox 858 1423 895 1481; x_wconf 89' lang='grc' dir='ltr'><strong>Α.</strong></span> <span class='ocrx_word' id='word_1_154' title='bbox 914 1442 1013 1497; x_wconf 84' lang='lat' dir='ltr'>praec.</span> <span class='ocrx_word' id='word_1_155' title='bbox 1033 1427 1120 1484; x_wconf 70' lang='lat' dir='ltr'>sunit.</span> <span class='ocrx_word' id='word_1_156' title='bbox 1141 1425 1242 1481; x_wconf 87' lang='lat' dir='ltr'>tuend.</span> <span class='ocrx_word' id='word_1_157' title='bbox 1260 1442 1288 1499; x_wconf 88' lang='lat' dir='ltr'><strong><em>p.</em></strong></span> <span class='ocrx_word' id='word_1_158' title='bbox 1307 1430 1358 1488; x_wconf 72' lang='grc'><strong><em>146</em></strong></span> 
     </span>
     <span class='ocr_line' id='line_1_14' title="bbox 63 1514 1357 1592; baseline 0.002 -22"><span class='ocrx_word' id='word_1_159' title='bbox 63 1514 103 1573; x_wconf 91' lang='lat' dir='ltr'><strong><em>A.</em></strong></span> <span class='ocrx_word' id='word_1_160' title='bbox 128 1515 164 1571; x_wconf 90' lang='lat' dir='ltr'><strong><em>de</em></strong></span> <span class='ocrx_word' id='word_1_161' title='bbox 184 1516 292 1575; x_wconf 81' lang='lat' dir='ltr'>vitioso</span> <span class='ocrx_word' id='word_1_162' title='bbox 312 1517 424 1592; x_wconf 86' lang='lat' dir='ltr'>pudore</span> <span class='ocrx_word' id='word_1_163' title='bbox 449 1537 480 1591; x_wconf 96' lang='lat' dir='ltr'><strong><em>p.</em></strong></span> <span class='ocrx_word' id='word_1_164' title='bbox 506 1522 558 1575; x_wconf 86' lang='grc'><strong><em>530</em></strong></span> <span class='ocrx_word' id='word_1_165' title='bbox 582 1517 619 1585; x_wconf 83' lang='lat' dir='ltr'><strong><em>E.</em></strong></span> <span class='ocrx_word' id='word_1_166' title='bbox 654 1516 793 1591; x_wconf 81' lang='lat' dir='ltr'>Sympos.</span> <span class='ocrx_word' id='word_1_167' title='bbox 816 1515 936 1589; x_wconf 81' lang='lat' dir='ltr'>Quaest.</span> <span class='ocrx_word' id='word_1_168' title='bbox 961 1516 1051 1586; x_wconf 89' lang='lat' dir='ltr'>VIII,</span> <span class='ocrx_word' id='word_1_169' title='bbox 1076 1523 1103 1578; x_wconf 86' lang='grc'><strong>3.</strong></span> <span class='ocrx_word' id='word_1_170' title='bbox 1130 1536 1160 1591; x_wconf 94' lang='lat' dir='ltr'><strong><em>p.</em></strong></span> <span class='ocrx_word' id='word_1_171' title='bbox 1183 1522 1233 1576; x_wconf 84' lang='grc'><strong><em>734</em></strong></span> <span class='ocrx_word' id='word_1_172' title='bbox 1255 1517 1292 1575; x_wconf 96' lang='lat' dir='ltr'><strong><em>A.</em></strong></span> <span class='ocrx_word' id='word_1_173' title='bbox 1321 1517 1357 1573; x_wconf 88' lang='lat' dir='ltr'><strong><em>de</em></strong></span> 
     </span>
     <span class='ocr_line' id='line_1_15' title="bbox 62 1607 1355 1685; baseline 0.005 -22"><span class='ocrx_word' id='word_1_174' title='bbox 62 1608 161 1682; x_wconf 89' lang='lat' dir='ltr'>primo</span> <span class='ocrx_word' id='word_1_175' title='bbox 179 1609 278 1685; x_wconf 78' lang='lat' dir='ltr'>frigio.</span> <span class='ocrx_word' id='word_1_176' title='bbox 295 1629 325 1684; x_wconf 88' lang='lat' dir='ltr'><strong><em>p.</em></strong></span> <span class='ocrx_word' id='word_1_177' title='bbox 343 1615 394 1668; x_wconf 78' lang='lat'><strong><em>954</em></strong></span> <span class='ocrx_word' id='word_1_178' title='bbox 411 1609 446 1669; x_wconf 83' lang='lat' dir='ltr'><strong><em>C.</em></strong></span> <span class='ocrx_word' id='word_1_179' title='bbox 464 1610 517 1666; x_wconf 82' lang='lat' dir='ltr'>vit.</span> <span class='ocrx_word' id='word_1_180' title='bbox 537 1608 645 1683; x_wconf 83' lang='lat' dir='ltr'>Pyrrh.</span> <span class='ocrx_word' id='word_1_181' title='bbox 665 1627 692 1666; x_wconf 87' lang='lat' dir='ltr'><strong><em>c.</em></strong></span> <span class='ocrx_word' id='word_1_182' title='bbox 711 1607 830 1669; x_wconf 83' lang='lat' dir='ltr'>XXIV.</span> <span class='ocrx_word' id='word_1_183' title='bbox 865 1609 967 1683; x_wconf 88' lang='lat' dir='ltr'>Comp.</span> <span class='ocrx_word' id='word_1_184' title='bbox 986 1608 1059 1682; x_wconf 84' lang='lat' dir='ltr'>Lyc.</span> <span class='ocrx_word' id='word_1_185' title='bbox 1081 1627 1148 1667; x_wconf 87' lang='lat' dir='ltr'><strong><em>cnm</em></strong></span> <span class='ocrx_word' id='word_1_186' title='bbox 1163 1609 1260 1666; x_wconf 78' lang='lat' dir='ltr'>Numa</span> <span class='ocrx_word' id='word_1_187' title='bbox 1278 1628 1305 1671; x_wconf 85' lang='lat' dir='ltr'><strong><em>e.</em></strong></span> <span class='ocrx_word' id='word_1_188' title='bbox 1317 1609 1355 1671; x_wconf 88' lang='lat' dir='ltr'>V.</span> 
     </span>
     <span class='ocr_line' id='line_1_16' title="bbox 64 1698 1101 1777; baseline 0.008 -21"><span class='ocrx_word' id='word_1_189' title='bbox 64 1698 156 1774; x_wconf 89' lang='lat' dir='ltr'>Soph.</span> <span class='ocrx_word' id='word_1_190' title='bbox 174 1702 276 1777; x_wconf 84' lang='lat' dir='ltr'>Antig.</span> <span class='ocrx_word' id='word_1_191' title='bbox 297 1720 343 1758; x_wconf 85' lang='lat' dir='ltr'><strong><em>vs.</em></strong></span> <span class='ocrx_word' id='word_1_192' title='bbox 358 1704 420 1761; x_wconf 85' lang='grc'><strong>475.</strong></span> <span class='ocrx_word' id='word_1_193' title='bbox 455 1704 505 1777; x_wconf 88' lang='lat' dir='ltr'><strong><em>Aj.</em></strong></span> <span class='ocrx_word' id='word_1_194' title='bbox 523 1705 582 1764; x_wconf 79' lang='lat'>650.</span> <span class='ocrx_word' id='word_1_195' title='bbox 601 1704 653 1762; x_wconf 87' lang='lat' dir='ltr'><strong><em>nbi</em></strong></span> <span class='ocrx_word' id='word_1_196' title='bbox 669 1724 699 1767; x_wconf 82' lang='lat' dir='ltr'><strong><em>r.</em></strong></span> <span class='ocrx_word' id='word_1_197' title='bbox 716 1701 847 1762; x_wconf 77' lang='lat' dir='ltr'>Lobeolt.</span> <span class='ocrx_word' id='word_1_198' title='bbox 865 1723 895 1777; x_wconf 87' lang='lat' dir='ltr'>p.</span> <span class='ocrx_word' id='word_1_199' title='bbox 914 1706 975 1762; x_wconf 80' lang='grc'><strong>333.</strong></span> <span class='ocrx_word' id='word_1_200' title='bbox 994 1703 1040 1761; x_wconf 87' lang='lat' dir='ltr'><strong><em>ed.</em></strong></span> <span class='ocrx_word' id='word_1_201' title='bbox 1060 1703 1101 1764; x_wconf 88' lang='grc' dir='ltr'><strong>ΙΙ.</strong></span> 
     </span>
    </p>
   </div>
   <div class='ocr_carea' id='block_1_3' title="bbox 129 1850 596 1928">
    <p class='ocr_par' dir='ltr' id='par_1_3' title="bbox 129 1850 596 1928">
     <span class='ocr_line' id='line_1_17' title="bbox 129 1850 596 1928; baseline 0.002 -19"><span class='ocrx_word' id='word_1_202' title='bbox 129 1871 158 1928; x_wconf 89' lang='lat' dir='ltr'>p.</span> <span class='ocrx_word' id='word_1_203' title='bbox 175 1857 225 1922; x_wconf 74' lang='lat' dir='ltr'><strong><em>tt,</em></strong></span> <span class='ocrx_word' id='word_1_204' title='bbox 243 1853 271 1910; x_wconf 84' lang='grc'><strong><em>4.</em></strong></span> <span class='ocrx_word' id='word_1_205' title='bbox 307 1850 407 1924; x_wconf 70' lang='grc' dir='ltr'><strong><em>δήπου]</em></strong></span> <span class='ocrx_word' id='word_1_206' title='bbox 441 1851 473 1925; x_wconf 76' lang='grc' dir='ltr'><strong><em>δή</em></strong></span> <span class='ocrx_word' id='word_1_207' title='bbox 492 1874 543 1909; x_wconf 90' lang='grc' dir='ltr'><strong><em>που</em></strong></span> <span class='ocrx_word' id='word_1_208' title='bbox 560 1853 596 1915; x_wconf 82' lang='grc' dir='ltr'><strong>Ε.</strong></span> 
     </span>
    </p>
   </div>
   <div class='ocr_carea' id='block_1_4' title="bbox 62 1997 1359 2912">
    <p class='ocr_par' dir='ltr' id='par_1_4' title="bbox 62 1997 1359 2912">
     <span class='ocr_line' id='line_1_18' title="bbox 132 1997 1358 2077; baseline -0.001 -18"><span class='ocrx_word' id='word_1_209' title='bbox 132 2021 162 2076; x_wconf 87' lang='lat' dir='ltr'><strong><em>p.</em></strong></span> <span class='ocrx_word' id='word_1_210' title='bbox 178 2007 228 2069; x_wconf 75' lang='grc'><strong><em>42,</em></strong></span> <span class='ocrx_word' id='word_1_211' title='bbox 250 2005 275 2059; x_wconf 80' lang='grc' dir='ltr'><strong>ὅ.</strong></span> <span class='ocrx_word' id='word_1_212' title='bbox 309 1997 403 2072; x_wconf 71' lang='grc' dir='ltr'><strong><em>Ἀνύτῳ</em></strong></span> <span class='ocrx_word' id='word_1_213' title='bbox 437 1999 626 2073; x_wconf 74' lang='grc' dir='ltr'><strong><em>Ἀνθεμίωνος]</em></strong></span> <span class='ocrx_word' id='word_1_214' title='bbox 661 2001 738 2058; x_wconf 72' lang='lat' dir='ltr'>Plut.</span> <span class='ocrx_word' id='word_1_215' title='bbox 757 2000 858 2059; x_wconf 86' lang='lat' dir='ltr'>Schol.</span> <span class='ocrx_word' id='word_1_216' title='bbox 886 2022 916 2077; x_wconf 91' lang='lat' dir='ltr'>p.</span> <span class='ocrx_word' id='word_1_217' title='bbox 938 2011 999 2062; x_wconf 86' lang='grc'><strong>330.</strong></span> <span class='ocrx_word' id='word_1_218' title='bbox 1018 2002 1090 2059; x_wconf 74' lang='lat' dir='ltr'>Bkt.</span> <span class='ocrx_word' id='word_1_219' title='bbox 1108 2001 1181 2064; x_wconf 75' lang='grc' dir='ltr'><strong><em>οὗτος</em></strong></span> <span class='ocrx_word' id='word_1_220' title='bbox 1200 2001 1358 2067; x_wconf 53' lang='lat' dir='ltr'>turono.</span> 
     </span>
     <span class='ocr_line' id='line_1_19' title="bbox 63 2085 1358 2167; baseline -0.005 -16"><span class='ocrx_word' id='word_1_221' title='bbox 63 2085 286 2166; x_wconf 68' lang='grc' dir='ltr'><strong><em>Ἀνθεμίωνος</em></strong></span> <span class='ocrx_word' id='word_1_222' title='bbox 300 2092 332 2164; x_wconf 79' lang='grc' dir='ltr'><strong><em>ἦν</em></strong></span> <span class='ocrx_word' id='word_1_223' title='bbox 348 2092 416 2160; x_wconf 59' lang='lat' dir='ltr'>vtis,</span> <span class='ocrx_word' id='word_1_224' title='bbox 434 2089 573 2162; x_wconf 73' lang='grc' dir='ltr'><strong><em>Ἀθηναῖος</em></strong></span> <span class='ocrx_word' id='word_1_225' title='bbox 587 2100 672 2166; x_wconf 76' lang='grc' dir='ltr'><strong><em>γένος,</em></strong></span> <span class='ocrx_word' id='word_1_226' title='bbox 687 2091 896 2164; x_wconf 72' lang='grc' dir='ltr'><strong><em>Ἀλκιβιάδου</em></strong></span> <span class='ocrx_word' id='word_1_227' title='bbox 911 2093 1067 2167; x_wconf 68' lang='grc' dir='ltr'><strong><em>ἐραστής,</em></strong></span> <span class='ocrx_word' id='word_1_228' title='bbox 1082 2093 1203 2157; x_wconf 76' lang='grc' dir='ltr'><strong><em>πλούσιος</em></strong></span> <span class='ocrx_word' id='word_1_229' title='bbox 1217 2100 1243 2150; x_wconf 77' lang='grc' dir='ltr'><strong><em>έκ</em></strong></span> <span class='ocrx_word' id='word_1_230' title='bbox 1259 2102 1358 2167; x_wconf 63' lang='grc' dir='ltr'><strong><em>βυρσοι</em></strong></span> 
     </span>
     <span class='ocr_line' id='line_1_20' title="bbox 62 2183 1359 2258; baseline -0.002 -14"><span class='ocrx_word' id='word_1_231' title='bbox 62 2188 167 2257; x_wconf 75' lang='grc' dir='ltr'><strong><em>δεψικῆς</em></strong></span> <span class='ocrx_word' id='word_1_232' title='bbox 189 2215 226 2229; x_wconf 93' lang='grc'>-</span> <span class='ocrx_word' id='word_1_233' title='bbox 251 2192 332 2242; x_wconf 80' lang='grc' dir='ltr'><strong><em>ίπεισι</em></strong></span> <span class='ocrx_word' id='word_1_234' title='bbox 349 2185 440 2257; x_wconf 74' lang='grc' dir='ltr'><strong><em>μισθῷ</em></strong></span> <span class='ocrx_word' id='word_1_235' title='bbox 461 2191 585 2256; x_wconf 86' lang='grc' dir='ltr'><strong><em>Μέλητον</em></strong></span> <span class='ocrx_word' id='word_1_236' title='bbox 606 2183 721 2255; x_wconf 73' lang='grc' dir='ltr'><strong><em>ἀσεβείας</em></strong></span> <span class='ocrx_word' id='word_1_237' title='bbox 739 2183 840 2257; x_wconf 75' lang='grc' dir='ltr'><strong><em>μραφην</em></strong></span> <span class='ocrx_word' id='word_1_238' title='bbox 861 2185 952 2240; x_wconf 73' lang='grc' dir='ltr'><strong><em>δοῦναι</em></strong></span> <span class='ocrx_word' id='word_1_239' title='bbox 973 2187 1037 2241; x_wconf 79' lang='grc' dir='ltr'><strong><em>κατὰ</em></strong></span> <span class='ocrx_word' id='word_1_240' title='bbox 1056 2183 1213 2258; x_wconf 80' lang='grc' dir='ltr'><strong><em>Σωκράτους.</em></strong></span> <span class='ocrx_word' id='word_1_241' title='bbox 1236 2193 1359 2258; x_wconf 89' lang='grc' dir='ltr'><strong><em>μέμνηται</em></strong></span> 
     </span>
     <span class='ocr_line' id='line_1_21' title="bbox 63 2273 1359 2352; baseline -0.001 -16"><span class='ocrx_word' id='word_1_242' title='bbox 63 2286 165 2342; x_wconf 87' lang='grc' dir='ltr'><strong><em>Λυσίας</em></strong></span> <span class='ocrx_word' id='word_1_243' title='bbox 181 2285 206 2335; x_wconf 75' lang='grc' dir='ltr'><strong><em>έν</em></strong></span> <span class='ocrx_word' id='word_1_244' title='bbox 226 2278 380 2351; x_wconf 81' lang='grc' dir='ltr'><strong><em>Σωκράτους</em></strong></span> <span class='ocrx_word' id='word_1_245' title='bbox 399 2275 527 2350; x_wconf 71' lang='grc' dir='ltr'><strong><em>ἀπολογία</em></strong></span> <span class='ocrx_word' id='word_1_246' title='bbox 545 2284 589 2336; x_wconf 77' lang='grc' dir='ltr'><strong><em>καὶ</em></strong></span> <span class='ocrx_word' id='word_1_247' title='bbox 612 2278 729 2351; x_wconf 73' lang='grc' dir='ltr'><strong><em>Ξενοφῶν</em></strong></span> <span class='ocrx_word' id='word_1_248' title='bbox 748 2273 841 2351; x_wconf 68' lang='grc' dir='ltr'><strong><em>ὁμοίως</em></strong></span> <span class='ocrx_word' id='word_1_249' title='bbox 860 2283 904 2333; x_wconf 82' lang='grc' dir='ltr'><strong><em>καὶ</em></strong></span> <span class='ocrx_word' id='word_1_250' title='bbox 928 2275 1093 2352; x_wconf 72' lang='grc' dir='ltr'><strong><em>Ἀριστόξενος</em></strong></span> <span class='ocrx_word' id='word_1_251' title='bbox 1112 2287 1137 2334; x_wconf 71' lang='grc' dir='ltr'><strong><em>ἐν</em></strong></span> <span class='ocrx_word' id='word_1_252' title='bbox 1154 2279 1188 2348; x_wconf 77' lang='grc' dir='ltr'><strong><em>τῷ</em></strong></span> <span class='ocrx_word' id='word_1_253' title='bbox 1206 2279 1359 2350; x_wconf 76' lang='grc' dir='ltr'><strong><em>Σωκράτους</em></strong></span> 
     </span>
     <span class='ocr_line' id='line_1_22' title="bbox 63 2368 1359 2445; baseline 0 -17"><span class='ocrx_word' id='word_1_254' title='bbox 63 2381 122 2444; x_wconf 84' lang='grc' dir='ltr'><strong><em>βίῳ.</em></strong></span> <span class='ocrx_word' id='word_1_255' title='bbox 157 2369 308 2442; x_wconf 80' lang='grc' dir='ltr'><strong><em>Θεόπομπος</em></strong></span> <span class='ocrx_word' id='word_1_256' title='bbox 329 2375 356 2426; x_wconf 73' lang='lat' dir='ltr'><strong><em>«tt</em></strong></span> <span class='ocrx_word' id='word_1_257' title='bbox 383 2369 568 2445; x_wconf 80' lang='grc' dir='ltr'><strong><em>Στρατιώτισιν</em></strong></span> <span class='ocrx_word' id='word_1_258' title='bbox 590 2369 724 2443; x_wconf 75' lang='grc' dir='ltr'><strong><em>Ἐμβιλδαν</em></strong></span> <span class='ocrx_word' id='word_1_259' title='bbox 747 2368 825 2427; x_wconf 74' lang='grc' dir='ltr'><strong><em>αὐτὸν</em></strong></span> <span class='ocrx_word' id='word_1_260' title='bbox 852 2376 903 2428; x_wconf 83' lang='grc' dir='ltr'><strong><em>εἶπε</em></strong></span> <span class='ocrx_word' id='word_1_261' title='bbox 925 2369 996 2444; x_wconf 70' lang='grc' dir='ltr'><strong><em>παρὰ</em></strong></span> <span class='ocrx_word' id='word_1_262' title='bbox 1017 2369 1064 2436; x_wconf 72' lang='grc' dir='ltr'><strong><em>τὰς</em></strong></span> <span class='ocrx_word' id='word_1_263' title='bbox 1087 2368 1210 2445; x_wconf 75' lang='grc' dir='ltr'><strong><em>ίμβάδας,</em></strong></span> <span class='ocrx_word' id='word_1_264' title='bbox 1239 2379 1291 2428; x_wconf 76' lang='grc' dir='ltr'><strong><em>ι’πελ</em></strong></span> <span class='ocrx_word' id='word_1_265' title='bbox 1315 2378 1359 2428; x_wconf 81' lang='grc' dir='ltr'><strong><em>καλ</em></strong></span> 
     </span>
     <span class='ocr_line' id='line_1_23' title="bbox 63 2462 1358 2541; baseline 0.001 -19"><span class='ocrx_word' id='word_1_266' title='bbox 63 2466 201 2539; x_wconf 73' lang='grc' dir='ltr'><strong><em>Ἄρχιππος</em></strong></span> <span class='ocrx_word' id='word_1_267' title='bbox 214 2462 333 2534; x_wconf 76' lang='grc' dir='ltr'><strong><em>Ἰχθύσιν</em></strong></span> <span class='ocrx_word' id='word_1_268' title='bbox 349 2471 383 2529; x_wconf 83' lang='grc' dir='ltr'><strong><em>είς</em></strong></span> <span class='ocrx_word' id='word_1_269' title='bbox 398 2473 488 2523; x_wconf 88' lang='grc' dir='ltr'><strong><em>σκυτέα</em></strong></span> <span class='ocrx_word' id='word_1_270' title='bbox 506 2464 583 2522; x_wconf 77' lang='grc' dir='ltr'><strong><em>αὐτὸν</em></strong></span> <span class='ocrx_word' id='word_1_271' title='bbox 603 2466 719 2523; x_wconf 71' lang='grc' dir='ltr'><strong><em>σκώπτει.</em></strong></span> <span class='ocrx_word' id='word_1_272' title='bbox 753 2466 798 2523; x_wconf 88' lang='lat' dir='ltr'><strong><em>De</em></strong></span> <span class='ocrx_word' id='word_1_273' title='bbox 822 2467 916 2539; x_wconf 87' lang='lat' dir='ltr'>Anyti</span> <span class='ocrx_word' id='word_1_274' title='bbox 936 2463 1027 2522; x_wconf 81' lang='lat' dir='ltr'>rebus</span> <span class='ocrx_word' id='word_1_275' title='bbox 1048 2464 1096 2521; x_wconf 82' lang='lat' dir='ltr'>atli</span> <span class='ocrx_word' id='word_1_276' title='bbox 1117 2465 1298 2541; x_wconf 82' lang='lat' dir='ltr'>Wesseling.</span> <span class='ocrx_word' id='word_1_277' title='bbox 1320 2466 1358 2523; x_wconf 81' lang='lat' dir='ltr'><strong><em>ad</em></strong></span> 
     </span>
     <span class='ocr_line' id='line_1_24' title="bbox 66 2557 1358 2635; baseline 0 -19"><span class='ocrx_word' id='word_1_278' title='bbox 66 2559 191 2616; x_wconf 85' lang='lat' dir='ltr'>Diodor.</span> <span class='ocrx_word' id='word_1_279' title='bbox 211 2560 270 2619; x_wconf 79' lang='lat' dir='ltr'>ste.</span> <span class='ocrx_word' id='word_1_280' title='bbox 288 2559 380 2629; x_wconf 89' lang='lat' dir='ltr'>XIII,</span> <span class='ocrx_word' id='word_1_281' title='bbox 399 2562 443 2620; x_wconf 82' lang='grc'><strong><em>64.</em></strong></span> <span class='ocrx_word' id='word_1_282' title='bbox 477 2558 677 2620; x_wconf 81' lang='lat' dir='ltr'>Bornemenn.</span> <span class='ocrx_word' id='word_1_283' title='bbox 695 2558 772 2618; x_wconf 82' lang='lat' dir='ltr'>Xon.</span> <span class='ocrx_word' id='word_1_284' title='bbox 790 2559 880 2634; x_wconf 90' lang='lat' dir='ltr'>Apol.</span> <span class='ocrx_word' id='word_1_285' title='bbox 898 2579 930 2635; x_wconf 91' lang='lat' dir='ltr'>p.</span> <span class='ocrx_word' id='word_1_286' title='bbox 947 2565 989 2617; x_wconf 77' lang='lat' dir='ltr'><strong><em>tt.</em></strong></span> <span class='ocrx_word' id='word_1_287' title='bbox 1024 2557 1185 2615; x_wconf 84' lang='lat' dir='ltr'>Hermann.</span> <span class='ocrx_word' id='word_1_288' title='bbox 1203 2557 1358 2616; x_wconf 78' lang='lat' dir='ltr'>Leltrhnclt</span> 
     </span>
     <span class='ocr_line' id='line_1_25' title="bbox 66 2646 1358 2728; baseline -0.001 -19"><span class='ocrx_word' id='word_1_289' title='bbox 66 2653 120 2709; x_wconf 84' lang='lat' dir='ltr'>cler</span> <span class='ocrx_word' id='word_1_290' title='bbox 144 2653 348 2726; x_wconf 76' lang='lat' dir='ltr'><strong><em>griechischen</em></strong></span> <span class='ocrx_word' id='word_1_291' title='bbox 370 2653 667 2711; x_wconf 69' lang='lat' dir='ltr'>Stantenlterthimer</span> <span class='ocrx_word' id='word_1_292' title='bbox 693 2673 722 2728; x_wconf 90' lang='lat' dir='ltr'>p.</span> <span class='ocrx_word' id='word_1_293' title='bbox 749 2659 799 2712; x_wconf 75' lang='lat'><strong><em>317</em></strong></span> <span class='ocrx_word' id='word_1_294' title='bbox 822 2646 852 2710; x_wconf 83' lang='lat' dir='ltr'><strong><em>et</em></strong></span> <span class='ocrx_word' id='word_1_295' title='bbox 874 2659 934 2712; x_wconf 85' lang='grc'><strong>331.</strong></span> <span class='ocrx_word' id='word_1_296' title='bbox 980 2651 1107 2728; x_wconf 82' lang='lat' dir='ltr'>Kriiger.</span> <span class='ocrx_word' id='word_1_297' title='bbox 1131 2651 1292 2716; x_wconf 85' lang='lat' dir='ltr'>Comment.</span> <span class='ocrx_word' id='word_1_298' title='bbox 1319 2651 1358 2708; x_wconf 80' lang='lat' dir='ltr'><strong><em>etl</em></strong></span> 
     </span>
     <span class='ocr_line' id='line_1_26' title="bbox 65 2744 1357 2822; baseline 0.002 -22"><span class='ocrx_word' id='word_1_299' title='bbox 65 2744 191 2817; x_wconf 83' lang='lat' dir='ltr'>Dionys.</span> <span class='ocrx_word' id='word_1_300' title='bbox 210 2744 306 2803; x_wconf 77' lang='lat' dir='ltr'>Helie.</span> <span class='ocrx_word' id='word_1_301' title='bbox 324 2765 355 2820; x_wconf 91' lang='lat' dir='ltr'>p.</span> <span class='ocrx_word' id='word_1_302' title='bbox 373 2751 433 2804; x_wconf 86' lang='grc'><strong>349.</strong></span> <span class='ocrx_word' id='word_1_303' title='bbox 468 2747 585 2807; x_wconf 83' lang='lat' dir='ltr'>annc.</span> <span class='ocrx_word' id='word_1_304' title='bbox 603 2748 638 2804; x_wconf 87' lang='lat' dir='ltr'><strong><em>de</em></strong></span> <span class='ocrx_word' id='word_1_305' title='bbox 652 2747 775 2805; x_wconf 78' lang='lat' dir='ltr'>Socrate</span> <span class='ocrx_word' id='word_1_306' title='bbox 794 2749 858 2804; x_wconf 78' lang='lat' dir='ltr'>cire</span> <span class='ocrx_word' id='word_1_307' title='bbox 875 2766 906 2822; x_wconf 89' lang='lat' dir='ltr'>p.</span> <span class='ocrx_word' id='word_1_308' title='bbox 921 2752 983 2806; x_wconf 84' lang='grc'><strong>133.</strong></span> <span class='ocrx_word' id='word_1_309' title='bbox 1000 2775 1032 2792; x_wconf 91' lang='grc'><strong>-</strong></span> <span class='ocrx_word' id='word_1_310' title='bbox 1052 2745 1188 2811; x_wconf 84' lang='lat' dir='ltr'>Ceterum</span> <span class='ocrx_word' id='word_1_311' title='bbox 1203 2762 1265 2800; x_wconf 90' lang='lat' dir='ltr'><strong><em>non</em></strong></span> <span class='ocrx_word' id='word_1_312' title='bbox 1283 2762 1357 2818; x_wconf 84' lang='lat' dir='ltr'>opus</span> 
     </span>
     <span class='ocr_line' id='line_1_27' title="bbox 67 2827 848 2912; baseline 0.004 -19"><span class='ocrx_word' id='word_1_313' title='bbox 67 2847 112 2894; x_wconf 89' lang='lat' dir='ltr'><strong><em>est</em></strong></span> <span class='ocrx_word' id='word_1_314' title='bbox 129 2837 286 2912; x_wconf 83' lang='lat' dir='ltr'>Wyttenb.</span> <span class='ocrx_word' id='word_1_315' title='bbox 306 2827 491 2897; x_wconf 85' lang='lat' dir='ltr'>correctione</span> <span class='ocrx_word' id='word_1_316' title='bbox 513 2838 606 2912; x_wconf 74' lang='grc' dir='ltr'><strong><em>Ἀνύτῳ</em></strong></span> <span class='ocrx_word' id='word_1_317' title='bbox 622 2842 657 2912; x_wconf 77' lang='grc' dir='ltr'><strong><em>τῷ</em></strong></span> <span class='ocrx_word' id='word_1_318' title='bbox 671 2837 848 2911; x_wconf 74' lang='grc' dir='ltr'><strong><em>Ἀνθεμίωνος.</em></strong></span> 
     </span>
    </p>
   </div>
   <div class='ocr_carea' id='block_1_5' title="bbox 67 2982 1362 3251">
    <p class='ocr_par' dir='ltr' id='par_1_5' title="bbox 67 2982 1362 3251">
     <span class='ocr_line' id='line_1_28' title="bbox 134 2982 1361 3064; baseline -0.005 -18"><span class='ocrx_word' id='word_1_319' title='bbox 134 3007 164 3061; x_wconf 94' lang='lat' dir='ltr'>p.</span> <span class='ocrx_word' id='word_1_320' title='bbox 182 2994 232 3058; x_wconf 75' lang='lat' dir='ltr'><strong><em>tt,</em></strong></span> <span class='ocrx_word' id='word_1_321' title='bbox 251 2995 278 3048; x_wconf 78' lang='lat'><strong><em>5.</em></strong></span> <span class='ocrx_word' id='word_1_322' title='bbox 312 2991 400 3064; x_wconf 68' lang='grc' dir='ltr'><strong><em>ἐρῶντι</em></strong></span> <span class='ocrx_word' id='word_1_323' title='bbox 414 2997 462 3064; x_wconf 74' lang='grc' dir='ltr'><strong><em>μιν</em></strong></span> <span class='ocrx_word' id='word_1_324' title='bbox 476 2987 644 3061; x_wconf 72' lang='grc' dir='ltr'><strong><em>Ἀλκιβιάδου]</em></strong></span> <span class='ocrx_word' id='word_1_325' title='bbox 662 2988 793 3047; x_wconf 82' lang='lat' dir='ltr'>Eandem</span> <span class='ocrx_word' id='word_1_326' title='bbox 809 3006 875 3046; x_wconf 85' lang='lat' dir='ltr'><strong><em>rem</em></strong></span> <span class='ocrx_word' id='word_1_327' title='bbox 889 2997 1014 3045; x_wconf 82' lang='lat' dir='ltr'>narrent</span> <span class='ocrx_word' id='word_1_328' title='bbox 1024 2985 1174 3043; x_wconf 85' lang='lat' dir='ltr'>Plutarch.</span> <span class='ocrx_word' id='word_1_329' title='bbox 1191 2984 1244 3043; x_wconf 85' lang='lat' dir='ltr'>rit.</span> <span class='ocrx_word' id='word_1_330' title='bbox 1261 2982 1361 3046; x_wconf 87' lang='lat' dir='ltr'>Aleih.</span> 
     </span>
     <span class='ocr_line' id='line_1_29' title="bbox 67 3077 1362 3158; baseline 0.002 -21"><span class='ocrx_word' id='word_1_331' title='bbox 67 3097 95 3139; x_wconf 83' lang='lat' dir='ltr'><strong><em>c.</em></strong></span> <span class='ocrx_word' id='word_1_332' title='bbox 111 3080 164 3139; x_wconf 89' lang='lat' dir='ltr'><strong><em>IV.</em></strong></span> <span class='ocrx_word' id='word_1_333' title='bbox 183 3092 212 3138; x_wconf 92' lang='lat' dir='ltr'><strong><em>et</em></strong></span> <span class='ocrx_word' id='word_1_334' title='bbox 228 3100 244 3138; x_wconf 90' lang='lat' dir='ltr'>e</span> <span class='ocrx_word' id='word_1_335' title='bbox 263 3079 373 3156; x_wconf 84' lang='lat' dir='ltr'>Satyro</span> <span class='ocrx_word' id='word_1_336' title='bbox 390 3085 500 3141; x_wconf 84' lang='lat' dir='ltr'>Athen.</span> <span class='ocrx_word' id='word_1_337' title='bbox 518 3082 588 3144; x_wconf 87' lang='lat' dir='ltr'>XII.</span> <span class='ocrx_word' id='word_1_338' title='bbox 606 3102 638 3158; x_wconf 93' lang='lat' dir='ltr'><strong><em>p.</em></strong></span> <span class='ocrx_word' id='word_1_339' title='bbox 649 3089 702 3143; x_wconf 82' lang='grc'><strong><em>534</em></strong></span> <span class='ocrx_word' id='word_1_340' title='bbox 718 3082 754 3140; x_wconf 84' lang='grc' dir='ltr'><strong>Ε.</strong></span> <span class='ocrx_word' id='word_1_341' title='bbox 767 3082 802 3141; x_wconf 87' lang='lat' dir='ltr'><strong><em>F.</em></strong></span> <span class='ocrx_word' id='word_1_342' title='bbox 836 3080 920 3138; x_wconf 83' lang='lat' dir='ltr'>Idem</span> <span class='ocrx_word' id='word_1_343' title='bbox 935 3081 1054 3156; x_wconf 74' lang='lat' dir='ltr'>Anytus</span> <span class='ocrx_word' id='word_1_344' title='bbox 1072 3088 1185 3143; x_wconf 75' lang='lat' dir='ltr'>ametor</span> <span class='ocrx_word' id='word_1_345' title='bbox 1202 3077 1362 3152; x_wconf 74' lang='lat' dir='ltr'>Pythioni-</span> 
     </span>
     <span class='ocr_line' id='line_1_30' title="bbox 70 3173 589 3251; baseline 0.015 -23"><span class='ocrx_word' id='word_1_346' title='bbox 70 3188 138 3240; x_wconf 83' lang='lat' dir='ltr'>eae,</span> <span class='ocrx_word' id='word_1_347' title='bbox 156 3192 187 3232; x_wconf 88' lang='lat' dir='ltr'><strong><em>v.</em></strong></span> <span class='ocrx_word' id='word_1_348' title='bbox 205 3173 315 3233; x_wconf 86' lang='lat' dir='ltr'>Athen.</span> <span class='ocrx_word' id='word_1_349' title='bbox 333 3174 416 3236; x_wconf 89' lang='lat' dir='ltr'>VIII.</span> <span class='ocrx_word' id='word_1_350' title='bbox 434 3195 465 3251; x_wconf 86' lang='grc' dir='ltr'><strong><em>ρ.</em></strong></span> <span class='ocrx_word' id='word_1_351' title='bbox 483 3181 533 3236; x_wconf 87' lang='grc'><strong><em>339</em></strong></span> <span class='ocrx_word' id='word_1_352' title='bbox 550 3174 589 3236; x_wconf 90' lang='lat' dir='ltr'><strong><em>D.</em></strong></span> 
     </span>
    </p>
   </div>
   <div class='ocr_carea' id='block_1_6' title="bbox 137 3309 959 3409">
    <p class='ocr_par' dir='ltr' id='par_1_6' title="bbox 137 3309 959 3409">
     <span class='ocr_line' id='line_1_31' title="bbox 137 3309 959 3409; baseline 0.009 -29"><span class='ocrx_word' id='word_1_353' title='bbox 137 3339 168 3396; x_wconf 76' lang='lat' dir='ltr'><strong><em>p.</em></strong></span> <span class='ocrx_word' id='word_1_354' title='bbox 185 3327 237 3392; x_wconf 82' lang='grc' dir='ltr'><strong><em>ω,</em></strong></span> <span class='ocrx_word' id='word_1_355' title='bbox 255 3330 289 3409; x_wconf 80' lang='grc' dir='ltr'><strong><em>ν.Ι</em></strong></span> <span class='ocrx_word' id='word_1_356' title='bbox 317 3325 353 3388; x_wconf 71' lang='grc' dir='ltr'><strong><em>ο.</em></strong></span> <span class='ocrx_word' id='word_1_357' title='bbox 368 3309 460 3396; x_wconf 62' lang='grc' dir='ltr'><strong><em>ἤμων]</em></strong></span> <span class='ocrx_word' id='word_1_358' title='bbox 493 3324 530 3382; x_wconf 86' lang='lat' dir='ltr'><strong><em>v.</em></strong></span> <span class='ocrx_word' id='word_1_359' title='bbox 549 3324 726 3399; x_wconf 72' lang='lat' dir='ltr'>Bernhardy</span> <span class='ocrx_word' id='word_1_360' title='bbox 744 3324 830 3399; x_wconf 82' lang='lat' dir='ltr'>Synt.</span> <span class='ocrx_word' id='word_1_361' title='bbox 848 3343 878 3400; x_wconf 73' lang='lat' dir='ltr'>p.</span> <span class='ocrx_word' id='word_1_362' title='bbox 896 3328 959 3387; x_wconf 78' lang='grc' dir='ltr'><strong><em>νιν.</em></strong></span> 
     </span>
    </p>
   </div>
   <div class='ocr_carea' id='block_1_7' title="bbox 69 3469 1361 3828">
    <p class='ocr_par' dir='ltr' id='par_1_7' title="bbox 69 3469 1361 3828">
     <span class='ocr_line' id='line_1_32' title="bbox 136 3469 1361 3550; baseline -0.002 -20"><span class='ocrx_word' id='word_1_363' title='bbox 136 3488 167 3545; x_wconf 87' lang='lat' dir='ltr'><strong><em>p.</em></strong></span> <span class='ocrx_word' id='word_1_364' title='bbox 185 3477 236 3539; x_wconf 76' lang='lat'><strong><em>42,</em></strong></span> <span class='ocrx_word' id='word_1_365' title='bbox 255 3475 283 3530; x_wconf 85' lang='grc'><strong>3.</strong></span> <span class='ocrx_word' id='word_1_366' title='bbox 316 3469 418 3543; x_wconf 82' lang='grc' dir='ltr'><strong><em>πάντα]</em></strong></span> <span class='ocrx_word' id='word_1_367' title='bbox 452 3473 498 3531; x_wconf 85' lang='lat' dir='ltr'>Ite</span> <span class='ocrx_word' id='word_1_368' title='bbox 516 3475 639 3550; x_wconf 87' lang='lat' dir='ltr'>reposui</span> <span class='ocrx_word' id='word_1_369' title='bbox 655 3492 672 3530; x_wconf 92' lang='lat' dir='ltr'>e</span> <span class='ocrx_word' id='word_1_370' title='bbox 688 3473 724 3543; x_wconf 87' lang='lat' dir='ltr'><strong><em>B.</em></strong></span> <span class='ocrx_word' id='word_1_371' title='bbox 742 3474 778 3532; x_wconf 86' lang='lat' dir='ltr'><strong><em>E.</em></strong></span> <span class='ocrx_word' id='word_1_372' title='bbox 812 3471 908 3548; x_wconf 82' lang='lat' dir='ltr'>Vulgo</span> <span class='ocrx_word' id='word_1_373' title='bbox 931 3472 1022 3530; x_wconf 80' lang='grc' dir='ltr'><strong><em>ταῦτα.</em></strong></span> <span class='ocrx_word' id='word_1_374' title='bbox 1040 3473 1126 3530; x_wconf 77' lang='grc' dir='ltr'><strong><em>πάντα</em></strong></span> <span class='ocrx_word' id='word_1_375' title='bbox 1139 3474 1228 3531; x_wconf 83' lang='lat' dir='ltr'>etiem</span> <span class='ocrx_word' id='word_1_376' title='bbox 1243 3471 1361 3546; x_wconf 86' lang='lat' dir='ltr'>Xylen·</span> 
     </span>
     <span class='ocr_line' id='line_1_33' title="bbox 71 3562 1361 3641; baseline 0.001 -22"><span class='ocrx_word' id='word_1_377' title='bbox 71 3562 123 3620; x_wconf 79' lang='lat' dir='ltr'>tler</span> <span class='ocrx_word' id='word_1_378' title='bbox 139 3565 317 3637; x_wconf 82' lang='lat' dir='ltr'>conjecerat.</span> <span class='ocrx_word' id='word_1_379' title='bbox 351 3564 488 3623; x_wconf 84' lang='lat' dir='ltr'>Reiskins</span> <span class='ocrx_word' id='word_1_380' title='bbox 504 3568 587 3623; x_wconf 78' lang='grc' dir='ltr'><strong><em>ταῦτα</em></strong></span> <span class='ocrx_word' id='word_1_381' title='bbox 605 3577 734 3623; x_wconf 84' lang='lat' dir='ltr'>autenm</span> <span class='ocrx_word' id='word_1_382' title='bbox 752 3563 836 3623; x_wconf 73' lang='grc' dir='ltr'><strong><em>πάντα</em></strong></span> <span class='ocrx_word' id='word_1_383' title='bbox 853 3565 1034 3634; x_wconf 82' lang='lat' dir='ltr'>mutandum,</span> <span class='ocrx_word' id='word_1_384' title='bbox 1053 3577 1103 3622; x_wconf 82' lang='lat' dir='ltr'><strong><em>aut</em></strong></span> <span class='ocrx_word' id='word_1_385' title='bbox 1115 3564 1361 3641; x_wconf 62' lang='lat' dir='ltr'>legendumne...</span> 
     </span>
     <span class='ocr_line' id='line_1_34' title="bbox 69 3655 1361 3731; baseline 0.002 -20"><span class='ocrx_word' id='word_1_386' title='bbox 69 3656 118 3731; x_wconf 78' lang='grc' dir='ltr'><strong><em>μὰρ</em></strong></span> <span class='ocrx_word' id='word_1_387' title='bbox 135 3658 190 3728; x_wconf 71' lang='grc' dir='ltr'><strong><em>ἐνῆν</em></strong></span> <span class='ocrx_word' id='word_1_388' title='bbox 210 3655 279 3730; x_wconf 73' lang='grc' dir='ltr'><strong><em>αὐτῷ</em></strong></span> <span class='ocrx_word' id='word_1_389' title='bbox 297 3658 379 3714; x_wconf 80' lang='grc' dir='ltr'><strong><em>πάντα</em></strong></span> <span class='ocrx_word' id='word_1_390' title='bbox 395 3664 479 3730; x_wconf 77' lang='grc' dir='ltr'><strong><em>λαβεῖν</em></strong></span> <span class='ocrx_word' id='word_1_391' title='bbox 496 3662 619 3716; x_wconf 83' lang='lat' dir='ltr'>censuit.</span> <span class='ocrx_word' id='word_1_392' title='bbox 651 3659 729 3716; x_wconf 87' lang='lat' dir='ltr'>Plut.</span> <span class='ocrx_word' id='word_1_393' title='bbox 747 3659 768 3719; x_wconf 92' lang='lat' dir='ltr'><strong><em>l.</em></strong></span> <span class='ocrx_word' id='word_1_394' title='bbox 787 3676 813 3718; x_wconf 81' lang='lat' dir='ltr'><strong><em>c.</em></strong></span> <span class='ocrx_word' id='word_1_395' title='bbox 831 3659 940 3722; x_wconf 69' lang='grc' dir='ltr'><strong><em>ἐπιεικῶς</em></strong></span> <span class='ocrx_word' id='word_1_396' title='bbox 953 3666 999 3728; x_wconf 72' lang='grc' dir='ltr'><strong><em>μὲν</em></strong></span> <span class='ocrx_word' id='word_1_397' title='bbox 1014 3656 1070 3727; x_wconf 82' lang='grc' dir='ltr'><strong><em>οὖν,</em></strong></span> <span class='ocrx_word' id='word_1_398' title='bbox 1089 3657 1103 3715; x_wconf 83' lang='grc' dir='ltr'>ὁ</span> <span class='ocrx_word' id='word_1_399' title='bbox 1119 3657 1220 3721; x_wconf 82' lang='grc' dir='ltr'><strong><em>’Άνυτος</em></strong></span> <span class='ocrx_word' id='word_1_400' title='bbox 1237 3665 1300 3731; x_wconf 74' lang='grc' dir='ltr'><strong><em>ἴφη,</em></strong></span> <span class='ocrx_word' id='word_1_401' title='bbox 1317 3663 1361 3714; x_wconf 76' lang='grc' dir='ltr'><strong><em>καλ</em></strong></span> 
     </span>
     <span class='ocr_line' id='line_1_35' title="bbox 74 3746 1326 3828; baseline 0.002 -20"><span class='ocrx_word' id='word_1_402' title='bbox 74 3750 273 3828; x_wconf 79' lang='grc' dir='ltr'><strong><em>φιλανθρώπως·</em></strong></span> <span class='ocrx_word' id='word_1_403' title='bbox 294 3749 313 3807; x_wconf 77' lang='grc' dir='ltr'><strong><em>οἳ</em></strong></span> <span class='ocrx_word' id='word_1_404' title='bbox 329 3751 379 3826; x_wconf 76' lang='grc' dir='ltr'><strong><em>μὰρ</em></strong></span> <span class='ocrx_word' id='word_1_405' title='bbox 398 3752 453 3823; x_wconf 69' lang='grc' dir='ltr'><strong><em>ἐξῆν</em></strong></span> <span class='ocrx_word' id='word_1_406' title='bbox 469 3753 536 3824; x_wconf 73' lang='grc' dir='ltr'><strong><em>αὐτῷ</em></strong></span> <span class='ocrx_word' id='word_1_407' title='bbox 551 3760 636 3825; x_wconf 76' lang='grc' dir='ltr'><strong><em>λαβεῖν</em></strong></span> <span class='ocrx_word' id='word_1_408' title='bbox 652 3751 796 3823; x_wconf 76' lang='grc' dir='ltr'><strong><em>ἅπαντα,</em></strong></span> <span class='ocrx_word' id='word_1_409' title='bbox 816 3748 914 3808; x_wconf 75' lang='grc' dir='ltr'><strong><em>τούτων</em></strong></span> <span class='ocrx_word' id='word_1_410' title='bbox 927 3748 988 3824; x_wconf 73' lang='grc' dir='ltr'><strong><em>ἡμῖν</em></strong></span> <span class='ocrx_word' id='word_1_411' title='bbox 1001 3749 1033 3808; x_wconf 76' lang='grc' dir='ltr'><strong><em>τὰ</em></strong></span> <span class='ocrx_word' id='word_1_412' title='bbox 1049 3746 1126 3824; x_wconf 74' lang='grc' dir='ltr'><strong><em>ἦμίση</em></strong></span> <span class='ocrx_word' id='word_1_413' title='bbox 1143 3755 1326 3810; x_wconf 81' lang='grc' dir='ltr'><strong><em>καταλέλοιπεν.</em></strong></span> 
     </span>
    </p>
   </div>
   <div class='ocr_carea' id='block_1_8' title="bbox 587 3917 844 4013">
    <p class='ocr_par' dir='ltr' id='par_1_8' title="bbox 587 3917 844 4013">
     <span class='ocr_line' id='line_1_36' title="bbox 587 3917 844 4013; baseline -0.012 -19"><span class='ocrx_word' id='word_1_414' title='bbox 587 3928 693 4013; x_wconf 86' lang='lat' dir='ltr'>Caput</span> <span class='ocrx_word' id='word_1_415' title='bbox 712 3917 844 3993; x_wconf 88' lang='lat' dir='ltr'>XVIII.</span> 
     </span>
    </p>
   </div>
   <div class='ocr_carea' id='block_1_9' title="bbox 75 4083 1386 4722">
    <p class='ocr_par' dir='ltr' id='par_1_9' title="bbox 75 4083 1386 4722">
     <span class='ocr_line' id='line_1_37' title="bbox 141 4083 1359 4163; baseline -0.005 -16"><span class='ocrx_word' id='word_1_416' title='bbox 141 4108 171 4163; x_wconf 92' lang='lat' dir='ltr'><strong><em>p.</em></strong></span> <span class='ocrx_word' id='word_1_417' title='bbox 188 4094 240 4160; x_wconf 77' lang='lat'><strong><em>42,</em></strong></span> <span class='ocrx_word' id='word_1_418' title='bbox 257 4093 301 4156; x_wconf 66' lang='grc' dir='ltr'><strong><em>ις.</em></strong></span> <span class='ocrx_word' id='word_1_419' title='bbox 337 4087 464 4146; x_wconf 73' lang='grc' dir='ltr'><strong><em>διελύσατο</em></strong></span> <span class='ocrx_word' id='word_1_420' title='bbox 480 4089 542 4163; x_wconf 81' lang='grc' dir='ltr'><strong><em>πρὸς</em></strong></span> <span class='ocrx_word' id='word_1_421' title='bbox 554 4087 674 4154; x_wconf 81' lang='grc' dir='ltr'><strong><em>Ἄνυτον]</em></strong></span> <span class='ocrx_word' id='word_1_422' title='bbox 707 4085 807 4148; x_wconf 80' lang='lat' dir='ltr'>Locus</span> <span class='ocrx_word' id='word_1_423' title='bbox 824 4086 899 4146; x_wconf 76' lang='lat' dir='ltr'>nale</span> <span class='ocrx_word' id='word_1_424' title='bbox 916 4083 1049 4143; x_wconf 79' lang='lat' dir='ltr'>affectus.</span> <span class='ocrx_word' id='word_1_425' title='bbox 1073 4086 1211 4143; x_wconf 85' lang='lat' dir='ltr'>Reishins</span> <span class='ocrx_word' id='word_1_426' title='bbox 1231 4084 1359 4157; x_wconf 83' lang='lat' dir='ltr'>conjecit</span> 
     </span>
     <span class='ocr_line' id='line_1_38' title="bbox 75 4160 1363 4256; baseline 0 -19"><span class='ocrx_word' id='word_1_427' title='bbox 75 4180 235 4240; x_wconf 76' lang='grc' dir='ltr'><strong><em>διελύσασθε.</em></strong></span> <span class='ocrx_word' id='word_1_428' title='bbox 267 4180 420 4255; x_wconf 80' lang='lat' dir='ltr'>Wyttenh.</span> <span class='ocrx_word' id='word_1_429' title='bbox 437 4185 550 4244; x_wconf 80' lang='grc' dir='ltr'><strong><em>διέλυοος</em></strong></span> <span class='ocrx_word' id='word_1_430' title='bbox 573 4180 604 4236; x_wconf 84' lang='grc' dir='ltr'><strong><em>τὸ</em></strong></span> <span class='ocrx_word' id='word_1_431' title='bbox 625 4178 689 4253; x_wconf 83' lang='grc' dir='ltr'><strong><em>πρὸς</em></strong></span> <span class='ocrx_word' id='word_1_432' title='bbox 704 4178 825 4249; x_wconf 76' lang='grc' dir='ltr'><strong><em>Ἄνονον,</em></strong></span> <span class='ocrx_word' id='word_1_433' title='bbox 854 4179 933 4256; x_wconf 87' lang='lat' dir='ltr'>qnod</span> <span class='ocrx_word' id='word_1_434' title='bbox 949 4160 1030 4237; x_wconf 86' lang='lat' dir='ltr'>nollo</span> <span class='ocrx_word' id='word_1_435' title='bbox 1052 4190 1140 4254; x_wconf 83' lang='lat' dir='ltr'>pnoto</span> <span class='ocrx_word' id='word_1_436' title='bbox 1159 4179 1234 4236; x_wconf 83' lang='lat' dir='ltr'>ferri</span> <span class='ocrx_word' id='word_1_437' title='bbox 1255 4187 1363 4253; x_wconf 85' lang='lat' dir='ltr'>potest.</span> 
     </span>
     <span class='ocr_line' id='line_1_39' title="bbox 75 4270 1363 4350; baseline 0.001 -23"><span class='ocrx_word' id='word_1_438' title='bbox 75 4270 161 4328; x_wconf 86' lang='lat' dir='ltr'>Libri</span> <span class='ocrx_word' id='word_1_439' title='bbox 179 4272 214 4332; x_wconf 93' lang='lat' dir='ltr'><strong><em>B.</em></strong></span> <span class='ocrx_word' id='word_1_440' title='bbox 235 4273 269 4333; x_wconf 79' lang='lat' dir='ltr'><strong><em>tt.</em></strong></span> <span class='ocrx_word' id='word_1_441' title='bbox 294 4291 360 4331; x_wconf 90' lang='lat' dir='ltr'>non·</span> <span class='ocrx_word' id='word_1_442' title='bbox 390 4273 548 4342; x_wconf 87' lang='lat' dir='ltr'>exhibent,</span> <span class='ocrx_word' id='word_1_443' title='bbox 575 4274 654 4350; x_wconf 88' lang='lat' dir='ltr'>qnod</span> <span class='ocrx_word' id='word_1_444' title='bbox 672 4271 828 4346; x_wconf 84' lang='lat' dir='ltr'>Wyttenb.</span> <span class='ocrx_word' id='word_1_445' title='bbox 853 4271 1096 4342; x_wconf 48' lang='lat' dir='ltr'><strong><em>dictttootama</em></strong></span> <span class='ocrx_word' id='word_1_446' title='bbox 1119 4270 1151 4328; x_wconf 85' lang='grc' dir='ltr'><strong><em>τὸ</em></strong></span> <span class='ocrx_word' id='word_1_447' title='bbox 1172 4272 1237 4345; x_wconf 82' lang='grc' dir='ltr'><strong><em>πρὸς</em></strong></span> <span class='ocrx_word' id='word_1_448' title='bbox 1253 4302 1289 4318; x_wconf 89' lang='grc'>-</span> <span class='ocrx_word' id='word_1_449' title='bbox 1310 4272 1363 4329; x_wconf 75' lang='lat' dir='ltr'><strong><em>sed</em></strong></span> 
     </span>
     <span class='ocr_line' id='line_1_40' title="bbox 76 4350 1362 4447; baseline 0.001 -26"><span class='ocrx_word' id='word_1_450' title='bbox 76 4363 206 4421; x_wconf 73' lang='grc' dir='ltr'><strong><em>διελύσατο</em></strong></span> <span class='ocrx_word' id='word_1_451' title='bbox 222 4365 286 4440; x_wconf 80' lang='grc' dir='ltr'><strong><em>πρὸς</em></strong></span> <span class='ocrx_word' id='word_1_452' title='bbox 301 4367 420 4437; x_wconf 74' lang='grc' dir='ltr'><strong><em>Ἄνυτον,</em></strong></span> <span class='ocrx_word' id='word_1_453' title='bbox 439 4367 518 4444; x_wconf 85' lang='lat' dir='ltr'>quod</span> <span class='ocrx_word' id='word_1_454' title='bbox 537 4367 642 4424; x_wconf 86' lang='lat' dir='ltr'>vellem</span> <span class='ocrx_word' id='word_1_455' title='bbox 659 4386 675 4422; x_wconf 85' lang='grc' dir='ltr'><strong><em>ο</em></strong></span> <span class='ocrx_word' id='word_1_456' title='bbox 691 4385 736 4422; x_wconf 88' lang='lat' dir='ltr'><strong><em>me</em></strong></span> <span class='ocrx_word' id='word_1_457' title='bbox 751 4377 913 4441; x_wconf 81' lang='lat' dir='ltr'>receptum,</span> <span class='ocrx_word' id='word_1_458' title='bbox 928 4376 962 4422; x_wconf 90' lang='lat' dir='ltr'><strong><em>ut</em></strong></span> <span class='ocrx_word' id='word_1_459' title='bbox 973 4350 1121 4447; x_wconf 77' lang='lat' dir='ltr'>sententie</span> <span class='ocrx_word' id='word_1_460' title='bbox 1133 4365 1257 4441; x_wconf 81' lang='lat' dir='ltr'>prodeat</span> <span class='ocrx_word' id='word_1_461' title='bbox 1274 4366 1362 4422; x_wconf 82' lang='lat' dir='ltr'>haec:</span> 
     </span>
     <span class='ocr_line' id='line_1_41' title="bbox 75 4444 1363 4536; baseline 0.002 -24"><span class='ocrx_word' id='word_1_462' title='bbox 75 4476 166 4532; x_wconf 85' lang='lat' dir='ltr'><strong><em>qnam</em></strong></span> <span class='ocrx_word' id='word_1_463' title='bbox 180 4477 290 4530; x_wconf 83' lang='lat' dir='ltr'>parum</span> <span class='ocrx_word' id='word_1_464' title='bbox 307 4458 425 4529; x_wconf 81' lang='lat' dir='ltr'>oberat,</span> <span class='ocrx_word' id='word_1_465' title='bbox 443 4460 517 4536; x_wconf 81' lang='lat' dir='ltr'><strong><em>quin</em></strong></span> <span class='ocrx_word' id='word_1_466' title='bbox 538 4459 659 4536; x_wconf 76' lang='lat' dir='ltr'><strong><em>Anytus</em></strong></span> <span class='ocrx_word' id='word_1_467' title='bbox 677 4444 820 4528; x_wconf 84' lang='lat' dir='ltr'>aboleret,</span> <span class='ocrx_word' id='word_1_468' title='bbox 850 4457 931 4534; x_wconf 82' lang='lat' dir='ltr'><strong><em>quod</em></strong></span> <span class='ocrx_word' id='word_1_469' title='bbox 950 4458 1029 4517; x_wconf 81' lang='lat' dir='ltr'><strong><em>mihi</em></strong></span> <span class='ocrx_word' id='word_1_470' title='bbox 1049 4473 1092 4515; x_wconf 81' lang='lat' dir='ltr'><strong><em>est</em></strong></span> <span class='ocrx_word' id='word_1_471' title='bbox 1111 4458 1206 4534; x_wconf 75' lang='lat' dir='ltr'>Anyti</span> <span class='ocrx_word' id='word_1_472' title='bbox 1222 4457 1325 4515; x_wconf 82' lang='lat' dir='ltr'>odium</span> <span class='ocrx_word' id='word_1_473' title='bbox 1342 4477 1363 4514; x_wconf 85' lang='grc' dir='ltr'><strong><em>α</em></strong></span> 
     </span>
     <span class='ocr_line' id='line_1_42' title="bbox 75 4549 1362 4629; baseline 0 -23"><span class='ocrx_word' id='word_1_474' title='bbox 75 4549 244 4626; x_wconf 75' lang='lat' dir='ltr'>majoribus</span> <span class='ocrx_word' id='word_1_475' title='bbox 266 4552 412 4610; x_wconf 80' lang='lat' dir='ltr'>traditum</span> <span class='ocrx_word' id='word_1_476' title='bbox 424 4568 552 4629; x_wconf 79' lang='lat' dir='ltr'>propter</span> <span class='ocrx_word' id='word_1_477' title='bbox 570 4552 724 4610; x_wconf 80' lang='lat' dir='ltr'>Socratem</span> <span class='ocrx_word' id='word_1_478' title='bbox 743 4567 778 4612; x_wconf 79' lang='grc' dir='ltr'><strong><em>τι,</em></strong></span> <span class='ocrx_word' id='word_1_479' title='bbox 790 4552 1026 4627; x_wconf 74' lang='lat' dir='ltr'>philosophiam.</span> <span class='ocrx_word' id='word_1_480' title='bbox 1059 4552 1136 4611; x_wconf 90' lang='lat' dir='ltr'>Plnt.</span> <span class='ocrx_word' id='word_1_481' title='bbox 1156 4551 1273 4626; x_wconf 88' lang='lat' dir='ltr'>Septem</span> <span class='ocrx_word' id='word_1_482' title='bbox 1291 4549 1362 4620; x_wconf 81' lang='lat' dir='ltr'>Sep.</span> 
     </span>
     <span class='ocr_line' id='line_1_43' title="bbox 75 4634 1386 4722; baseline -0.008 -18"><span class='ocrx_word' id='word_1_483' title='bbox 75 4646 168 4705; x_wconf 87' lang='lat' dir='ltr'>Conv.</span> <span class='ocrx_word' id='word_1_484' title='bbox 193 4666 224 4720; x_wconf 85' lang='lat' dir='ltr'><strong><em>p.</em></strong></span> <span class='ocrx_word' id='word_1_485' title='bbox 244 4653 293 4708; x_wconf 84' lang='lat'><strong><em>151</em></strong></span> <span class='ocrx_word' id='word_1_486' title='bbox 311 4646 345 4708; x_wconf 86' lang='lat' dir='ltr'><strong><em>F.</em></strong></span> <span class='ocrx_word' id='word_1_487' title='bbox 382 4652 425 4704; x_wconf 83' lang='grc' dir='ltr'><strong><em>οἶα</em></strong></span> <span class='ocrx_word' id='word_1_488' title='bbox 449 4652 493 4703; x_wconf 80' lang='grc' dir='ltr'><strong><em>καί</em></strong></span> <span class='ocrx_word' id='word_1_489' title='bbox 514 4646 578 4722; x_wconf 84' lang='grc' dir='ltr'><strong><em>πρὸς</em></strong></span> <span class='ocrx_word' id='word_1_490' title='bbox 598 4644 664 4720; x_wconf 72' lang='grc' dir='ltr'><strong><em>ἡμᾶς</em></strong></span> <span class='ocrx_word' id='word_1_491' title='bbox 687 4651 721 4713; x_wconf 85' lang='grc' dir='ltr'><strong><em>είς</em></strong></span> <span class='ocrx_word' id='word_1_492' title='bbox 736 4652 867 4720; x_wconf 67' lang='grc' dir='ltr'><strong><em>Ᾱίηυπτου</em></strong></span> <span class='ocrx_word' id='word_1_493' title='bbox 885 4641 1017 4718; x_wconf 70' lang='grc' dir='ltr'><strong><em>ἀπηγγέλη</em></strong></span> <span class='ocrx_word' id='word_1_494' title='bbox 1033 4649 1096 4716; x_wconf 65' lang='grc' dir='ltr'><strong><em>περὶ</em></strong></span> <span class='ocrx_word' id='word_1_495' title='bbox 1114 4649 1258 4703; x_wconf 63' lang='lat' dir='ltr'>monne..</span> <span class='ocrx_word' id='word_1_496' title='bbox 1272 4638 1312 4694; x_wconf 66' lang='lat' dir='ltr'>Ine.</span> <span class='ocrx_word' id='word_1_497' title='bbox 1327 4634 1386 4694; x_wconf 57' lang='grc' dir='ltr'><strong><em>ἶνψ</em></strong></span> 
     </span>
    </p>
   </div>
   <div class='ocr_carea' id='block_1_10' title="bbox 0 0 1533 4994">
    <p class='ocr_par' dir='ltr' id='par_1_10' title="bbox 0 0 1533 4994">
     <span class='ocr_line' id='line_1_44' title="bbox 0 0 1533 4994; baseline 0 0"><span class='ocrx_word' id='word_1_498' title='bbox 0 0 1533 4994; x_wconf 95' lang='lat' dir='ltr'><strong><em> </em></strong></span> 
     </span>
    </p>
   </div>
  </div>
 </body>
</html>
