3036 4994
181 165 240 229 174

180 322 340 388 ἀτενίζοντα,
362 317 428 386 Ἰδι,
451 326 513 390 ίφη,
538 315 607 388 κριάν
627 315 839 392 ἀρειμάνιον,
871 314 904 380 ἀς
923 312 972 372 ἀπὸ
996 316 1045 372 τοῦ
1062 313 1183 384 τυχόντος
1207 317 1337 386 κορασίου
1357 311 1479 382 voemii-

180 419 256 482 ζηαι.
289 415 385 487 Etym.
405 412 445 469 Μ.
464 416 529 480 139,
547 418 590 471 20.
606 408 851 485 ἶίριιριάνειος,
869 408 884 466 d
903 407 1052 479 asclepiade,
1068 408 1149 482 ἀσπερ
1169 404 1240 480 παρά
1254 404 1303 474 κῆν
1317 402 1397 475 'Aoos
1413 405 1480 457 ἀσκι-

180 507 227 578 κὴν
244 514 339 579 γίνεται
354 504 489 578 ἀριίφατος
508 502 523 559 ὁ
540 503 688 575 πολεμικός,
706 499 864 560 τουτίοτινὸ
884 509 910 558 ir
927 507 1048 573 πολέμοις
1064 497 1265 572 ὀνομαζόμενος,
1283 492 1302 566 ἢ
1319 492 1338 550 ὃ
1356 515 1478 565 πεφονευ-

179 608 265 672 μίνος·
287 599 333 655 τὸν
351 597 427 656 αάιὸν
441 596 539 672 τρόπον
557 603 601 653 καί
620 592 776 669 ἀριιμάνιιος
799 596 843 651 did
857 595 902 666 τῆς
916 618 938 651 ει
953 592 1113 667 dindimo,
1131 590 1202 666 παρὰ
1218 590 1267 660 τὴν
1290 586 1354 663 ἀρει
1371 584 1476 657 δοτικήν.

179 691 259 751 vide
279 691 417 748 Perizon.
437 689 475 746 ad
491 689 607 749 Aelian.
626 687 668 748 V.
686 688 729 748 H.
746 688 782 745 T.
801 686 840 745 11.
858 705 889 763 p.
908 693 968 747 185.

244 847 342 916 p.32‚
361 847 387 898 1.
421 837 497 910 αὕτη]
531 836 595 909 uitri
611 838 648 898 Ε.

248 1009 277 1063 p.
294 993 343 1056 32,
363 992 387 1046 1.
422 985 463 1043 ὅτι
482 987 517 1056 τῷ
540 987 612 1056 θεῷ]
646 985 710 1043 scil.
733 987 768 1057 τῷ
788 984 870 1061 Ἄρει,
910 984 988 1061 quod
1013 1002 1120 1041 nomen
1143 982 1214 1043 latet
1242 981 1276 1037 in
1303 979 1472 1055 praemisso

177 1078 328 1158 ἀρειμάνιος.
360 1078 553 1139 Rntsttffls.
588 1079 678 1137 Omni
693 1080 781 1136 modo
798 1076 1063 1155 prohoWyttenh.
1082 1078 1285 1151 conjecturam
1303 1071 1362 1145 ὅιρ
1379 1073 1445 1142 θεῷ.

244 1250 274 1307 p.
293 1237 344 1301 tt,
362 1233 388 1290 3.
423 1229 517 1304 ἀχορον
533 1260 565 1272 -
583 1232 758 1296 ἐξοπλίζουσα]
793 1228 839 1285 lta
854 1228 1006 1286 emendavi
1018 1228 1116 1284 locum
1127 1228 1322 1283 vehementer
1339 1222 1375 1279 in
1391 1220 1471 1277 libris

178 1323 369 1399 depravatum
393 1341 429 1378 er
453 1321 613 1394 Aeschylo.
647 1321 744 1397 Vulgo
766 1319 917 1396 legebatur
938 1320 1097 1376 lacunosez
1127 1317 1235 1407 ἄχαριν,
1262 1314 1396 1386 ἀκίθαριν
1411 1310 1443 1370 ἀκ
1457 1314 1472 1345 ’·”

176 1437 253 1487 ρονον
271 1411 304 1487 ἀρ
321 1414 337 1446 ⁰
354 1416 414 1470 κάτε
434 1415 514 1487 δῆμον
530 1416 714 1478 ἐξοπλίζουσα.
748 1415 820 1469 Post
842 1412 874 1469 ἀκ
897 1416 928 1470 in
951 1413 986 1474 B.
1005 1413 1042 1472 Ε.
1066 1413 1171 1468 lacuna
1188 1412 1282 1467 trium
1300 1409 1471 1476 literarum

176 1515 246 1578 post
261 1527 295 1578 αρ
312 1507 343 1560 in
361 1504 396 1561 Β.
420 1523 488 1571 sex,
512 1507 544 1561 in
560 1504 596 1562 E.
615 1515 740 1578 quatuor
756 1503 918 1564 literarum.
954 1506 1015 1562 Pro
1038 1506 1098 1560 νάτε
1119 1506 1150 1560 in
1173 1503 1207 1559 E.
1236 1511 1283 1557 est
1306 1524 1381 1559 κατε.
1419 1499 1473 1557 Sed

175 1596 298 1653 lacunas
318 1596 477 1670 explendas
497 1616 561 1654 esse
585 1616 622 1653 ex
633 1598 776 1671 Aeschyli
794 1597 897 1674 Suppl.
916 1618 960 1656 vs.
981 1603 1031 1658 663
1049 1618 1114 1676 sqq.
1133 1598 1179 1658 ed.
1197 1596 1371 1655 Wellauer.
1389 1613 1474 1669 prae-

177 1689 257 1743 clare
281 1699 348 1744 ante
370 1708 416 1746 me
439 1692 499 1764 jam
524 1691 675 1747 Porsonns
695 1690 733 1747 ad
755 1690 826 1751 Eur.
844 1693 999 1752 Phoeniss.
1026 1710 1071 1753 vs.
1098 1696 1159 1749 800.
1187 1690 1395 1750 intellexerat.
1429 1685 1474 1745 lhi

178 1781 256 1837 enim
273 1782 345 1838 haec
364 1781 519 1856 leguntucz

442 1906 524 1971 Mate
535 1922 574 1964 τις
589 1899 731 1974 ἀνδροκμὴς
747 1900 832 1972 λοιγὸς
847 1905 986 1958 tuderto,

447 1991 530 2050 Τάνδε
545 1991 619 2049 πόλιν
635 1997 742 2061 δαΐζων,

438 2085 578 2161 Ἀχορον
598 2085 768 2159 ἀκίθαριν,
795 2088 1024 2162 δακρυογόνον
1037 2087 1129 2163 Ἀρην

444 2178 533 2237 Βοάν
548 2175 570 2236 τ’
589 2185 727 2251 ἔνδημον
745 2185 940 2248 ἐξοπλίζων.

176 2298 279 2354 Animi
295 2315 384 2353 causa
403 2315 550 2371 apponam
565 2296 677 2354 Reiskii
694 2308 724 2353 et
742 2296 969 2371 Wyttenhachii
985 2298 1163 2362 tentamina3
1183 2315 1324 2372 qnorum
1343 2298 1388 2354 ille
1402 2316 1462 2354 con-

177 2391 264 2461 jecit=
281 2388 421 2461 ἀκίθαριν,
437 2387 531 2458 ἀκαλλῆ
554 2397 666 2457 θίασον,
684 2388 764 2461 φόνον
781 2390 835 2463 ἀμα
851 2398 894 2447 καὶ
914 2396 999 2462 ἀιῐμον
1016 2394 1199 2458 ἐξοπλίζουσα,
1228 2391 1284 2446 hic
1304 2410 1394 2448 vero:
1415 2389 1465 2446 ἀκί-

175 2487 270 2553 θαριν,
288 2477 396 2551 ἀκαλλῆ,
413 2479 506 2552 ἀνονον
522 2475 647 2554 ἀρμυνίαν
663 2488 706 2537 καί
726 2484 777 2539 πᾶν
799 2491 877 2546 ἔθνος
892 2483 974 2540 πάυτα
990 2508 1017 2540 τι
1033 2485 1114 2557 δῆμον
1130 2487 1336 2549 ίξοαλίζουσαν.

243 2646 273 2703 p.
291 2634 339 2694 ot,
357 2634 384 2688 ³.
418 2627 527 2702 ἀχορον]
562 2628 608 2684 Ita
631 2628 785 2685 emendavi
804 2648 841 2684 ex
857 2631 1007 2703 Aeschylo
1027 2651 1083 2706 pro
1103 2632 1225 2708 vulgato
1249 2631 1363 2709 ἀχαριν.
1390 2635 1468 2708 ἀχορις

176 2729 207 2776 et
230 2712 320 2795 ἀρορις
340 2720 463 2777 confusa
490 2721 578 2776 etiam
596 2721 697 2793 Eurip.
721 2721 842 2796 Cyclop.
869 2741 912 2779 vs.
930 2729 989 2782 111.
1033 2724 1161 2793 Chorus,
1192 2725 1278 2784 tibia
1305 2724 1338 2785 ιι
1363 2729 1467 2785 cithcrc
1506 2714 1508 2725 ¹

177 2812 353 2870 adhibentur
376 2813 413 2870 ad
435 2811 582 2870 sacrificia
605 2824 635 2869 et
657 2815 778 2870 oinnino
802 2815 839 2870 ad
861 2815 1003 2873 laetitiam
1027 2815 1274 2893 significandam,
1307 2821 1366 2878 sed
1384 2818 1467 2885 idere,
1506 2844 1508 2863 ι

176 2905 248 2965 hetti
267 2908 457 2964 etmalorum
475 2925 582 2982 parens
606 2913 650 2974 (υ.
670 2907 822 2983 Musgrav.
839 2909 876 2965 ad
897 2909 986 2981 Soph.
1007 2911 1055 2983 Aj.
1083 2915 1141 2968 706.
1177 2912 1251 2972 Intt.
1277 2913 1361 2974 Oed.
1380 2913 1416 2971 ll.
1432 2930 1467 2970 vs

178 3005 265 3071 186),
282 3001 348 3059 sine
360 3000 468 3068 choro,
486 2999 564 3057 tibio
576 3015 604 3057 et
616 3000 737 3058 cithara
750 3011 804 3057 est.
828 3002 872 3070 De
886 3002 980 3059 Marte
993 3004 1095 3078 Eurip.
1107 3005 1270 3065 Phoeniss.
1285 3027 1337 3068 vs.
1350 3014 1406 3068 769
1415 3024 1468 3083 sqq.

442 3206 532 3273 αἵματι
550 3201 636 3274 Θήβας

440 3294 524 3366 κῶμον
541 3293 772 3352 ἀναυλότατον
788 3297 1021 3371 προχορεύεις.

174 3411 242 3472 coll.
259 3411 380 3471 Homer.
397 3395 432 3468 ll.
450 3412 528 3479 VII,
547 3417 607 3474 240.
626 3411 699 3488 ibiq.
719 3416 785 3472 intt.
804 3415 896 3484 XVI,
915 3424 973 3476 616.
1008 3415 1163 3490 Lycophr.
1185 3434 1229 3479 vs.
1248 3423 1319 3479 249.
1359 3417 1467 3478 Jacobs.

173 3503 295 3563 Anthol.
314 3504 369 3563 111.
387 3505 411 3564 1.
438 3525 468 3580 p.
489 3512 549 3566 197.
584 3506 620 3562 In
637 3508 792 3566 Aristotel.
819 3507 940 3567 Rhetor.
959 3508 1014 3566 Ill.
1039 3525 1066 3568 c.
1084 3516 1110 3565 6.
1137 3526 1168 3583 p.
1187 3516 1251 3568 176.
1286 3510 1367 3568 ,ὅθεν
1387 3518 1424 3567 καί
1440 3508 1468 3565 κά

172 3594 286 3669 ἀνὸμαυα
306 3604 331 3654 oi
352 3605 455 3669 ποιηταί
472 3607 591 3673 φέρουσι,
618 3597 648 3655 τὸ
668 3599 815 3674 ἀχοράον
838 3601 929 3656 καὶτὸ
951 3600 1072 3674 ἀλυρον
1092 3606 1184 3672 μιλος·
1212 3608 1239 3657 ln
1260 3603 1317 3658 τῶν
1340 3605 1468 3680 περήσειν

170 3688 220 3763 γὰρ
239 3696 416 3764 ἐπιφέρουσιν·
450 3688 574 3765 κάδσκιμιῖ
595 3688 644 3766 ράρ
665 3694 743 3748 τοῦτο
765 3701 790 3749 ἰν
811 3691 868 3756 ταῖς
889 3702 1046 3766 μεταφοραῖς
1063 3691 1215 3765 λεγόμενον,
1242 3707 1308 3761 ταῖς
1330 3695 1467 3771 ἀνάλογον·

172 3790 228 3839 οῖον
243 3781 273 3839 τὸ
292 3783 381 3856 φάναι,
398 3784 444 3855 τὴν
459 3782 585 3858 σάλπιγγα
600 3792 664 3842 εἶναι
680 3791 756 3857 nanc
771 3784 909 3860 ἀλυροι,
930 3788 1050 3862 corrigo
1068 3784 1098 3843 τὸ
1114 3787 1237 3860 ἀχορον
1257 3797 1306 3847 καί
1327 3792 1364 3850 τὸ
1386 3792 1468 3866 ἄλυροι

118 3952 121 3957 ¹
170 3883 255 3948 μέλος.
290 3877 370 3937 Vide
387 3881 466 3936 enim
483 3878 575 3955 Soph.
592 3879 666 3938 Oed.
686 3880 750 3938 Col.
771 3899 816 3939 vs.
836 3887 902 3940 1217
921 3899 965 3956 sq.

504 3995 585 4060 Ἄϊδος
602 3995 645 4052 ὅτε
661 3995 745 4071 Μοῖρ’
763 3996 909 4071 ἀνυμέναιος

392 4119 394 4122 -
505 4087 626 4163 ἀλυρος
643 4087 765 4162 ἀχορος
782 4087 932 4162 ἀναπέφηνε.

172 4202 303 4278 Aeschyl
320 4204 421 4280 Snppl.
440 4224 485 4264 vs.
504 4212 565 4266 628.

504 4322 550 4379 τὸν
569 4319 692 4398 ἀχορον
708 4323 773 4395 coir
789 4330 870 4382 κτίσαι
885 4325 982 4397 μάχλον
1001 4325 1079 4401 Ἀρη.

172 4435 275 4512 Eurip.
293 4439 436 4499 Androm.
455 4459 501 4500 vs.
519 4446 598 4500 1039.
633 4440 744 4499 Alcest.
763 4450 881 4502 vetto
916 4443 1037 4502 Hercul.
1055 4446 1112 4506 lor.
1132 4450 1191 4504 878.
1212 4450 1256 4505 79.
1293 4449 1409 4509 Alexis
1427 4470 1467 4527 ap.

173 4527 281 4592 Athen.
300 4531 340 4590 11.
358 4552 388 4607 p.
406 4538 440 4593 55
456 4533 496 4593 A.
529 4533 606 4595 Plnt.
625 4535 661 4593 de
679 4534 766 4609 Pyth·
784 4537 912 4595 oraculis
929 4557 961 4613 p.
977 4543 1029 4598 406
1045 4538 1083 4597 Α.
1101 4546 1187 4614 ἔροτις
1200 4539 1252 4614 ράρ
1268 4572 1306 4595 ·-
1322 4543 1394 4603 ἀνα
1402 4552 1467 4604 vio·
