3036 4994
532 162 540 171 '
628 157 875 226 ΕΡΩΤΙΚΟΣ.
1356 172 1412 235 71x

187 323 320 385 XXVI.
361 319 421 384 Hie
448 319 550 402 ajebat
574 333 663 403 pater
688 323 778 385 finem
799 321 1000 403 disputationi
1020 327 1057 387 de
1077 325 1196 392 Amore
1216 327 1312 392 fuisse
1331 328 1389 394 im·

111 426 245 508 positum
267 424 296 487 in
318 423 429 489 vicinia
452 425 700 506 Thespiensium.
741 427 851 490 Visum
868 426 946 490 euim
960 427 1055 490 fuisse
1069 436 1218 512 quendam
1234 435 1272 496 de
1286 433 1390 499 Pisiae

112 530 206 594 sociis
228 530 414 614 Diogenem,
437 532 492 614 qui
506 530 663 595 concitato
671 530 787 617 'gressu
801 535 974 595 accederet.
1005 535 1032 594 Τ
1036 557 1083 596 um
1098 537 1259 600 Soelarum
1275 536 1390 604 dixisse

114 640 212 698 adhuc
234 635 348 698 emimrs
369 634 522 699 venienti:
553 638 626 699 Non
647 658 718 698 sane
738 648 832 717 puto,
860 636 1036 717 Diogenes,
1056 641 1168 702 beilum
1188 642 1389 706 nunciaturus

113 745 197 803 ades.
239 740 327 803 llium
349 761 425 804 vero
447 741 660 821 respondisse:
684 743 771 805 Bona
788 743 904 803 verba:
927 740 1000 823 quin
1017 763 1089 816 vos,
1110 743 1223 826 nuptiis
1235 744 1295 826 jam
1312 769 1388 810 eon·

113 844 231 924 ceptis,
261 843 390 928 pergitis
418 844 565 918 celerius,
594 845 780 911 sacrificium
811 845 948 908 absentia
979 859 1080 908 vestra
1100 845 1286 912 ‘morantesr
1318 849 1389 927 [lui

113 949 253 1012 omnibus
268 949 448 1025 exhilaratis
463 949 659 1030 Zeuxippum
674 942 880 1033 quaesivisse,
899 972 938 1012 an
951 949 1053 1014 Pisi-as
1066 954 1166 1014 adhuc
1180 969 1387 1020 succenseret.

113 1057 226 1126 Immo,
246 1046 537 1140 iuquit'Diogenes‚
560 1055 693 1117 omnium
711 1053 846 1134 primus]
867 1054 1019 1118 concessit
1034 1057 1272 1119 Ismeuodoraet
1293 1080 1389 1124 nune.
1440 1107 1444 1111 .

112 1182 172 1244 qne
193 1162 276 1225 ultro
297 1173 466 1224 coronatus
487 1171 517 1221 et
537 1159 604 1221 alba
626 1172 710 1242 veste
732 1159 870 1233 indutus,
890 1158 918 1222 ei
938 1163 976 1222 ad
997 1163 1083 1223 deum
1103 1160 1261 1232 accedenti
1279 1165 1390 1227 ductor

109 1276 167 1342 ¹est.
208 1266 325 1328 Eamus
346 1285 442 1348 ergo,
468 1261 570 1344 ajebat
589 1275 692 1346 pater,
721 1285 841 1337 eamus,
871 1276 903 1326 ut
929 1264 1082 1328 rideamus
1105 1264 1258 1330 hominem
1280 1279 1310 1330 et
1330 1269 1388 1330 deo

112 1367 333 1452 supplicemus.
375 1371 447 1432 Non
474 1367 552 1432 enim
578 1373 743 1432 obscurum
770 1382 830 1443 est,
861 1366 934 1451 quin
960 1391 1104 1453 praeseus
1130 1372 1290 1455 laetusque
1310 1370 1390 1437 adsit
1452 1400 1456 1409 ¹

112 1473 169 1550 iis,
192 1493 272 1554 quae
292 1483 434 1557 aguntur.

114 1743 155 1800 D.
178 1748 203 1796 8.
238 1734 271 1801 ὦς
285 1738 351 1807 ἐνῆν]
373 1744 399 1792 tr
414 1735 444 1807 ἦ,
471 1739 578 1792 omisso
599 1734 645 1804 ὥς,
671 1737 705 1792 Ε.
749 1736 887 1793 Fortasse
908 1737 1127 1813 corrigendum:
1149 1739 1248 1814 πρῶτος
1260 1743 1306 1810 μὲν
1324 1738 1382 1809 ode,

261 1827 293 1894 oie
311 1837 410 1900 ἐνέστη,
428 1829 579 1905 συνεχώρησε
596 1833 627 1900 τῆ
644 1827 819 1902 Ἱσμηνοδόρᾳ.
