3036 4994
605 107 882 192 Ennomon·
1334 116 1374 181 ss

10 260 28 339 ’Π
84 273 230 354 Sapphus
250 294 374 352 versus,
403 269 459 336 ubi
478 270 537 345 ait,
566 285 710 354 repente,
740 271 806 335 visa
827 270 888 334 sihi
908 271 1036 350 amasis,
1059 294 1170 340 vocem
1191 273 1371 353 inhibitam,

10 363 26 429 '1
79 378 196 442 arsisse
224 400 356 458 corpus,
383 399 478 462 seque
498 378 635 458 pallore,
660 390 798 440 tremore
825 391 854 440 et
879 378 1033 458 vertigine
1059 392 1248 463 correptam.
1269 372 1370 446 ¹Cum

12 492 24 533 ¹
78 482 112 544 id
139 505 260 546 carmen
287 482 446 546 recitasset
467 485 669 564 Daphnaeus,
695 486 778 566 ιιιτι
799 481 958 562 excipiens
985 505 1155 549 sermonem
1181 499 1285 568 pater:
1315 489 1369 552 Au

10 574 23 637 1'
77 610 160 662 uon,
180 588 295 671 inquit,
316 590 392 650 haec
412 601 517 669 aperte
539 577 704 652 ostendunt
723 609 739 649 a
762 592 821 651 deo
843 600 1027 668 occupatum
1049 589 1205 652 animum?
1232 614 1295 654 non
1315 582 1391 655 hic'

14 698 22 739 Ι
77 691 172 755 animi
192 705 291 755 aestus
313 693 460 757 divinus?
486 694 560 778 quid
581 696 659 767 talc,
686 704 738 755 aut
758 706 890 766 tauhun,
916 691 1029 756 accidit
1048 694 1199 772 Pythiae,
1219 717 1286 759 cnm
1307 697 1367 761 tri-

10 800 19 847 l
75 801 189 878 podem
204 797 328 882 arrigit?
350 821 511 883 quemnam
527 800 618 884 orgia
633 798 787 881 agen-tium
802 797 893 871 tibia,
915 809 945 859 et
960 799 1098 878 Magnae
1114 801 1216 862 matris
1232 801 1367 880 carmina

76 914 170 980 atque
190 916 366 982 tympanum
388 902 433 966 sic
454 901 557 966 animo
581 900 856 965 abalienaverunt?
881 902 965 964 Idem
988 923 1121 984 corpus,
1151 907 1275 967 eandem
1295 907 1365 986 pul·

73 1006 279 1088 claritudinem
307 1007 410 1074 multis
439 1006 653 1079 cernentibus,
684 1007 768 1068 solus
798 1004 967 1069 amatorius
987 1007 1082 1070 homo
1110 1007 1365 1094 capitur,.idque

71 1127 158 1176 certa
178 1117 216 1198 de
237 1134 343 1176 causa.
384 1114 457 1174 Non
479 1110 559 1174 enim
579 1110 780 1192 intelligimus
802 1109 1007 1174 Menandrica
1027 1111 1107 1177 ista:

383 1251 422 1262 —
443 1227 494 1282 est
512 1214 656 1282 morbus
675 1215 923 1305 opportunitas

263 1317 436 1404 Animae,
460 1318 556 1404 quod
572 1319 664 1385 ictus
683 1317 811 1386 uulnus
830 1318 961 1408 accipit
978 1339 1101 1402 praue.
1137 1310 1139 1314 Α

10 1462 11 1471 1
66 1425 131 1486 Sed
150 1422 182 1486 in
203 1445 294 1486 carisa
316 1437 362 1487 est
381 1427 454 1487 deus
465 1466 480 1500 ,ι
496 1423 587 1486 alium
609 1438 755 1512 tangens,
784 1423 875 1486 alium
897 1424 1101 1502 praeteriens.
1144 1426 1238 1506 Quod
1258 1437 1360 1491 aulem

10 1542 12 1581 Ι
65 1528 157 1591 initio
178 1528 391 1608 tempestivum
412 1527 515 1591 dicere
534 1528 608 1602 fuit,
628 1528 660 1590 id
681 1533 736 1603 (ne
750 1551 831 1591 nunc
846 1527 969 1611 quidem
990 1528 1028 1592 ad
1042 1529 1175 1593 animum
1196 1529 1358 1607 accidens,

10 1646 14 1689 ι
65 1636 115 1709 et)
136 1633 174 1696 iu
188 1630 331 1697 buccam
345 1632 503 1708 ueniens,
525 1647 558 1697 ut
573 1630 750 1713 (optimus)
768 1633 810 1696 ait
824 1634 1018 1712 Aeschylus,
1039 1646 1115 1716 puto
1131 1636 1353 1701 omittendum:

10 1750 16 1791 l
64 1751 111 1799 est
132 1735 211 1799 enim
234 1735 322 1801 valde
344 1760 499 1820 magnum.
540 1738 698 1801 Fortassis
719 1738 818 1810 enim,
846 1738 959 1812 amice,
978 1738 1096 1823 reliqua
1119 1740 1209 1804 etiam
1234 1741 1355 1818 onmia,

65 1863 144 1923 quae
165 1864 254 1904 sensu
276 1841 363 1906 nul-lo
384 1842 617 1924 percipiuntur,
640 1842 698 1906 alia
720 1863 777 1923 per
796 1842 934 1916 fabulas,
955 1842 1012 1904 alia
1030 1843 1170 1927 legibus,
1192 1845 1252 1908 alia
1268 1845 1354 1910 deui-

63 1969 124 2028 que
145 1945 265 2009 ratione
285 1949 376 2010 fidem
396 1946 554 2028 principio
582 1945 778 2008 invenerunt.
819 1944 914 2008 Certe
942 1957 975 2006 ut
1003 1948 1040 2008 de
1065 1946 1123 2008 diis
1147 1950 1225 2010 hanc
1247 1949 1354 2012 conci-

62 2073 222 2131 peremus,
255 2072 335 2134 quae
361 2051 499 2124 obtinet,
530 2049 724 2127 opinionem,
756 2047 1053 2113 omnino-auctores
1079 2049 1172 2114 nobis
1198 2055 1355 2132 ducesque

61 2157 189 2219 fuerunt
220 2168 332 2236 poetae
366 2167 395 2217 et
428 2154 672 2237 legumlatores:
707 2156 785 2216 adde
817 2151 864 2216 his
898 2151 993 2217 tertio
1026 2152 1099 2218 loco
1135 2153 1353 2236 philosophos.

64 2263 181 2324 Omnes
208 2262 269 2322 hoc
299 2280 360 2322 uno
385 2259 490 2322 dicunt
518 2281 590 2333 ore,
622 2280 688 2321 esse
716 2261 803 2321 deos.
844 2259 894 2331 De
914 2280 1044 2322 numero
1065 2279 1193 2334 eorum,
1223 2258 1353 2336 ordine,

63 2379 170 2427 natura
199 2377 229 2427 et
254 2378 403 2444 potestate
429 2365 577 2426 maximae
598 2378 667 2426 sunt
690 2362 771 2425 inter
794 2345 879 2442 ipsos
907 2362 1120 2431 dissensiones.
1161 2365 1249 2442 Quos
1271 2363 1351 2427 euim

62 2468 243 2551 philosophi
271 2472 346 2533 deos
373 2483 567 2551 agnoscunt,
597 2468 619 2530 ii
644 2465 870 2552 morborum,
903 2466 994 2533 senii
1019 2464 1254 2558 laborumque
1285 2489 1350 2534 ecc·

56 2586 180 2663 peries
210 2573 440 2655 perhibentur:
476 2573 538 2658 qui
568 2573 624 2648 (ut
654 2571 706 2634 ille
727 2570 787 2648 ait)
818 2567 890 2637 loce
918 2582 1105 2637 sonantem
1132 2568 1351 2639 Acherontis

61 2677 211 2760 effuqeie
238 2681 439 2756 trosectum.
479 2681 589 2760 ltaque
616 2677 704 2740 etiam
732 2675 913 2757 philosophi
937 2687 1098 2757 poetarum
1119 2676 1193 2739 istas
1215 2676 1349 2751 Eridas,

60 2782 168 2855 Litas,
198 2805 260 2846 non
287 2774 470 2857 admittunt,
502 2804 602 2866 neque
630 2784 801 2845 Terrorem
828 2795 859 2844 et
884 2783 1006 2845 Metum
1036 2781 1145 2844 volunt
1172 2783 1266 2856 deos,
1297 2792 1350 2843 aut

60 2886 176 2950 lilartis
191 2910 257 2951 esse
272 2877 365 2952 lilios.
406 2888 443 2950 ln
461 2887 564 2953 mullis
585 2890 678 2950 rebus
699 2886 789 2949 etiam
804 2887 907 2963 legum
923 2885 1139 2949 conditoribus
1153 2895 1353 2968 repugnant:¹

59 3007 92 3054 ut
123 2994 358 3072 Xenophanes,
392 2992 446 3073 qui
475 2991 643 3072 Aegyptiis
676 2990 910 3071 praecipiebat,
927 2989 975 3055 σι’
1006 2985 1130 3056 Osirin
1158 2985 1353 3060 mortalem,

59 3095 264 3180 crederent,
292 3117 335 3160 ue
361 3117 440 3161 eum
468 3092 639 3179 colerent,
665 3097 698 3162 si
719 3093 843 3180 deum,
870 3116 914 3160 ue
932 3089 1174 3184 deplorarent.
1213 3096 1347 3158 Rursum

71 3283 302 3297 m—

58 3383 93 3441 B.
121 3391 144 3441 l.
180 3375 315 3452 ἐξίστησιν]
336 3383 395 3443 ΒΕ.
431 3385 525 3457 Vulgo
543 3386 673 3448 ἐξιστᾶσιν.

58 3475 94 3536 B.
118 3477 157 3534 ib.
179 3469 252 3547 ἡμῖν]
273 3475 426 3549 Wyttenh.
446 3481 572 3551 conjecit
589 3477 710 3550 καὶμὴν.

59 3566 93 3624 Β.
118 3575 141 3624 2.
179 3569 221 3623 διὰ
235 3577 292 3624 τινα
309 3564 405 3648 αἰτίαν]
424 3587 439 3623 e
458 3568 614 3642 Wyttenh.
635 3572 814 3645 conjectura.
851 3568 947 3644 Vulgo
964 3567 1008 3625 διὰ
1021 3568 1067 3638 τὴν
1086 3573 1177 3624 αἰτίαν.

61 3663 91 3718 Β.
115 3667 140 3719 3.
176 3665 297 3734 συνίεμεν]
318 3681 354 3716 ex
371 3662 500 3734 ejusdem
518 3662 696 3736 conjectura.
731 3661 828 3737 Vulgo
847 3659 952 3732 σύνιμεν.

58 3752 94 3812 Β.
118 3761 143 3812 5.
180 3758 207 3808 (ll
225 3793 356 3811 .......
377 3752 554 3827 τιτρώσκεται]
591 3755 693 3809 lacuna
719 3755 762 3809 sic
788 3753 865 3810 haud
889 3751 975 3811 dubie
1000 3751 1166 3828 explentia:
1201 3748 1215 3802 ὅ
1242 3753 1344 3820 πληγεὶς

191 3853 291 3916 καιρίαν
310 3844 476 3918 τιτρώσκεται.

58 3941 92 4000 Β.
116 3950 141 3999 6.
177 3938 240 3996 ἀλλὰ
258 3939 283 4007 ὁ]
303 3939 361 3996 BE.
398 3939 493 4012 Vulgo
512 3935 564 3991 ἀλλ’
583 3934 607 3993 ὁ.

58 4034 93 4090 Β.
117 4040 142 4092 8.
178 4041 217 4089 ἐπὶ
236 4032 329 4102 στόμα]
351 4033 407 4088 ΒΕ.
443 4030 538 4104 Vulgo
556 4035 595 4084 inl
613 4028 643 4084 τὸ
661 4027 751 4101 στόμα.

58 4125 93 4182 Β.
118 4124 156 4185 ih.
175 4126 296 4200 dppmm]
316 4123 393 4181 Meu.
428 4122 525 4197 Vulgo
543 4119 654 4190 ἄριστον.

59 4216 91 4274 C.
118 4225 140 4275 1.
174 4217 239 4287 ἥκει]
259 4216 327 4288 Xyl.
347 4215 423 4274 Meu.
443 4210 599 4285 Wyttenb.
635 4212 736 4287 Vulgo
760 4210 848 4283 στήκει.

57 4309 91 4366 C.
115 4317 141 4366 9.
170 4309 239 4380 dues
259 4306 332 4385 οὐδὲ]
350 4305 408 4364 otu
426 4305 509 4363 abest
526 4326 541 4361 a
563 4307 618 4364 hu.
638 4316 667 4361 ct
682 4305 749 4365 Ald.
782 4304 813 4363 οὗ
830 4312 897 4365 Bas.

56 4404 80 4460 C
108 4402 151 4458 ult
180 4407 284 4475 Δεῖμον]
305 4404 362 4461 BE.
383 4402 450 4459 Ald.
470 4401 539 4458 Bas.
575 4399 670 4474 Vulgo
687 4398 794 4472 Λειμόι.

53 4497 92 4556 D.
115 4499 141 4558 3.
176 4498 318 4567 νομίζουσι]
335 4495 395 4554 ΒΕ.
414 4495 454 4552 W
456 4491 566 4568 ytlcnb.
585 4496 736 4564 sopitorum,
