3036 4994
359 886 1288 1049 HAOYTAPXOY

188 1152 1466 1298 EPQTIKAIAIHPH2E12

688 1499 968 1551 -——--¹--
1098 1536 1100 1541 Ι
1177 1501 1189 1537 ιΙ

798 1727 842 1792 Λ.

132 1853 156 1910 Ε
256 1853 309 1922 Ἐν
325 1852 484 1946 Ἁλιάρτῳ
508 1857 565 1936 τής
592 1854 746 1932 Βοιωτίας
769 1853 850 1944 κόρη
877 1880 925 1934 τις
947 1857 1068 1942 γίνεται
1090 1854 1202 1923 κάλλει
1226 1859 1470 1944 διαπρέπουσα,

184 1958 291 2043 ὄνομα
317 1957 563 2047 Ἀριστόκλεια·
587 1957 755 2048 ῑθυγάτηρ
782 1961 819 2027 δέ
846 1948 887 2039 ήν
912 1960 1111 2050 Θεοφάνους.
1140 1959 1296 2041 ’Ταύτην
1323 1963 1471 2044 μνῶνται

184 2061 339 2163 Στράτων
360 2059 565 2150 Ὀρχομένιος
586 2067 643 2128 καὶ
664 2061 1107 2153 ΚαλλισθένηςἉλιάρτιος.
1159 2063 1405 2150 Πλουσιώτερος
1434 2063 1470 2130 δ’

184 2154 226 2244 ήν
250 2164 420 2254 Στράτων,
449 2168 504 2230 καὶ
528 2163 653 2251 μᾶλλόν
679 2189 710 2231 τι
735 2168 791 2246 τῆς
818 2167 992 2256 παρθένου
1010 2167 1197 2255 ἡττημένος·
1232 2164 1379 2251 έτύγγανε
1401 2167 1472 2254 γάρ

84 2292 87 2296 “
186 2265 263 2334 ι’δώυ
286 2266 386 2346 αὐτήν
406 2268 440 2331 έν
462 2268 615 2360 Λεβαδίρι
635 2270 812 2353 λουομένην
834 2269 886 2334 ε”πὶ
912 2271 954 2360 τῇι
976 2269 1078 2361 κρήνη
1098 2275 1138 2364 τῇ
1151 2269 1300 2360 Ἓρκίωη.
1328 2267 1473 2350 ’Έμελλε

119 2391 168 2442 772
183 2370 245 2455 γάρ
273 2372 320 2457 τῷ
342 2368 399 2435 Διῒ
419 2370 465 2457 τῷ
482 2369 616 2451 βασιλεῖ
634 2375 847 2457 κανηφορεῖν.
892 2370 977 2438 Ἀλλ’
1006 2373 1024 2437 ό
1054 2375 1288 2451 Καλλισθένης
1309 2393 1341 2454 γε
1368 2370 1474 2432 πλέον

185 2470 330 2558 ἐφέρετο·
349 2460 390 2549 ήν
405 2471 468 2555 γάρ
481 2475 538 2536 καὶ
554 2468 635 2554 γένει
651 2472 823 2558 προσήκων
837 2477 877 2560 τῇ
896 2472 986 2561 κόρη.
1021 2472 1171 2562 Ἀπορῶν
1189 2476 1224 2538 δέ
1241 2478 1285 2565 τῷ
1303 2469 1472 2559 πράγματι

138 2600 140 2606 ·
184 2568 202 2634 ὁ
229 2568 415 2658 Θεοφάνης,
444 2570 557 2634 ἐδεδίει
580 2572 644 2658 γάρ
663 2573 721 2636 τόν
742 2571 938 2656 Στράτωνα,
968 2573 1094 2661 πλούτῳ
1113 2599 1151 2642 ,τε
1172 2581 1228 2640 καὶ
1252 2578 1335 2658 γένει
1353 2573 1471 2657 σχεδόν

184 2670 340 2745 εἰπόντωνι
354 2671 553 2759 διαφέροντα
564 2673 628 2735 τῶν
645 2669 811 2747 Βοιωτῶν,
835 2671 894 2750 τήν
908 2664 1037 2759 ἀἵρεσιν
1052 2673 1201 2756 ἐβούλετο
1219 2679 1264 2763 τῷ
1286 2674 1470 2763 Τροφωνίῳ

185 2775 371 2862 ἐπιτρέψαι·
403 2778 460 2839 καὶ
482 2762 508 2838 ό
520 2770 694 2861 Στράτων,
711 2770 917 2856 ἀνεπέπειστο
941 2775 1003 2865 γάρ
1029 2773 1093 2840 ύπό
1119 2776 1182 2839 τῶν
1209 2780 1266 2856 τῆς
1294 2777 1471 2861 παρθένου

186 2873 329 2958 οἰκετῶν,
350 2876 391 2956 ὡς
408 2876 490 2966 πρός
504 2873 602 2940 αὐτόν
620 2875 744 2959 μάλλον
763 2873 862 2956 έκείνη
883 2873 992 2965 ῥέποι,
1014 2874 1104 2956 ἠξίου
1122 2874 1168 2942 ἐπ’
1193 2875 1275 2968 αὐτῇ
1294 2880 1470 2941 ποιεῖσθαι

185 2985 225 3074 τῇ
243 2984 429 3072 γαμουμένῃ
445 2981 503 3060 τήν
522 2979 662 3063 έκλογήυ.
696 2976 752 3056 Ὡς
772 2980 806 3044 δέ
824 2983 880 3058 τῆς
901 2980 1018 3056 παιδὸς
1038 2979 1056 3044 ὁ
1078 2978 1248 3066 Θεοφάνης
1264 2976 1469 3043 ἐπυνθάνετο

185 3089 219 3151 έν
238 3085 313 3176 άφει
332 3083 475 3163 πάντων,
495 3081 515 3163 ή
537 3083 572 3148 δὲ
587 3083 644 3148 τὸν
661 3073 897 3164 Καλλισθένην
909 3083 1118 3172 προῦκρινεν,
1137 3081 1236 3160 εὐθὺς
1247 3089 1308 3167 μὲν
1327 3082 1344 3147 ὁ
1360 3080 1469 3166 Στρά-

136 3208 159 3264 Β
183 3211 247 3254 των
273 3190 371 3269 δῆλος
395 3178 437 3268 ἦν
462 3187 587 3276 βαρέως
614 3188 724 3274 φέρων
746 3187 805 3268 τήν
831 3185 978 3272 άτιμίάν·
1005 3186 1127 3273 ἡμέρας
1149 3187 1184 3250 δέ
1211 3184 1366 3250 διαλιπὼν
1391 3183 1469 3262 δύο,

183 3291 357 3378 προσῆλθε
377 3291 421 3380 τῷ
443 3288 603 3378 (νεοφάνει
624 3292 742 3381 καὶτῷ
761 3291 1002 3369 Καλλισθένει,
1035 3289 1132 3369 ἀξιῶν
1153 3290 1212 3369 τήν
1238 3288 1353 3370 φιλίαν
1381 3287 1468 3376 αύτῷ

83 3432 86 3457 ι
184 3394 267 3480 πρὸς
285 3391 400 3471 αύτούς
423 3391 723 3480 διαφυλάττεσθαι,
755 3389 862 3460 εἶκαὶ
886 3393 944 3458 τοῦ
964 3390 1071 3477 γάμου
1099 3390 1282 3480 ἐφθονήθη
1306 3389 1368 3454 ὑπὸ
1395 3390 1468 3454 δαι-

78 3508 79 3513 ’
184 3497 301 3583 μονίου
318 3495 414 3575 τινός.
456 3497 495 3562 Οἱ
515 3497 550 3562 δὲ
573 3495 709 3588 ἐπῄνουν
732 3497 773 3562 τά
794 3494 967 3580 λεγόμενα,
998 3491 1078 3560 ι’ίστε
1101 3499 1157 3560 καὶ
1175 3496 1225 3559 ἐπὶ
1242 3494 1299 3571 τήν
1321 3493 1466 3559 έστίασιν

183 3604 246 3666 τῶν
267 3600 380 3687 γάμων
398 3600 604 3689 ’παρεκάλουν
625 3599 732 3666 αὐτόν.
766 3599 810 3666 ’0
826 3601 861 3666 δὲ
881 3600 1182 3686 παρεσκευασμένος
1203 3595 1336 3686 ἑταίρων
1360 3595 1465 3682 ὄχλον,

184 3708 239 3769 καὶ
261 3707 392 3785 πλῆθος
413 3702 470 3770 ούκ
491 3703 600 3788 ὀλίγον
618 3703 847 3793 θεραπόντων,
869 3704 1121 3792 διεσπαρμένους
1141 3702 1233 3788 παρά
1250 3699 1390 3777 τούτοις,
1411 3702 1469 3763 καί

185 3808 433 3889 λανθάνοντας,
452 3809 510 3885 ἕως
527 3806 548 3888 ή
568 3809 648 3898 κόρη
668 3808 752 3873 κατά
770 3807 811 3871 τά
831 3805 954 3892 πάτρια
974 3807 1025 3871 έπὶ
1044 3805 1101 3884 τήν
1120 3801 1330 3868 Κισσόεσσαν
1349 3805 1469 3868 καλου-

184 3915 284 3997 μένην
311 3912 432 4002 κρήνην
457 3910 567 4004 κατήει
595 3915 667 3988 ταῖς
690 3908 833 4000 νύμφαις
860 3910 900 3975 τά
925 3910 1094 3998 προτέλεια
1122 3905 1294 3985 θύσουσα,
1327 3905 1399 3973 τότε
1428 3906 1468 3986 δή

138 4033 160 4089 C
186 4015 423 4111 συνδραμόντες
445 4017 562 4094 πάντες
585 4018 619 4081 οἱ
643 4017 794 4100 λοχῶντες
816 4011 921 4101 ἐκείνῳ
945 4010 1189 4096 συνελάμβανον
1207 4007 1316 4088 αύτήν,
1356 4008 1468 4075 Καὶό

187 4300 223 4358 E.
248 4307 274 4359 1.
304 4297 440 4376 Ἁλιάρτῳ]
467 4298 624 4375 Wyttenh.
643 4300 738 4377 Vulgo
756 4297 890 4373 Ἁλιάρτῳ,
920 4309 952 4364 ut
972 4300 1049 4356 intra
1066 4293 1208 4368 Ἁλιάρτιος
1226 4293 1294 4351 libri
1316 4302 1344 4348 et
1365 4293 1472 4366 scripti

336 4406 365 4451 et
383 4396 453 4453 editi
468 4394 576 4452 habent
599 4413 712 4450 omnes.

187 4499 221 4558 B.
246 4501 271 4563 5,
307 4496 368 4555 όδὲ
387 4502 629 4580 παρεσκευασμένος]
648 4510 716 4575 post
733 4503 759 4554 δὲ
776 4500 901 4555 inseruit
918 4495 1070 4572 Wyttenh.
1092 4496 1133 4565 ήκε
1155 4497 1279 4569 e'marg.
1305 4491 1328 4548 E
1360 4495 1470 4567 inqua

336 4603 431 4650 tamen
442 4596 486 4651 sic
499 4605 544 4652 est
557 4594 700 4663 additum,
719 4603 822 4668 utquo
833 4593 981 4666 pertinere
994 4591 1120 4647 voluerit
1132 4585 1229 4644 scriba
1242 4604 1301 4641 non
1316 4593 1468 4658 appareat.
