3036 4994
496 218 736 285 ΕΡΩΤΙΚΑΙ
751 221 1024 287 ΔΙΗΓΗΣΕΙΣ.
1367 233 1406 295 85

113 381 196 454 ruti,
230 394 457 445 tironumcntum
488 379 571 442 senis
598 380 720 455 Phoci,
755 379 895 444 Glisante
923 381 1080 462 positum,
1115 407 1242 449 crocum
1272 389 1405 454 stilasse.

112 489 247 550 Phocdo
269 500 368 550 autem
390 511 405 549 a
426 509 530 570 pugna
557 506 686 549 reverso
715 484 858 548 nuncium
887 485 1013 549 allatum
1040 491 1077 551 de
1103 502 1173 554 nata
1199 492 1260 573 ipsi
1284 494 1404 559 filiola:

113 593 165 655 cui
184 591 294 655 ominis
315 594 416 680 gratia
437 592 639 656 Nicostratae
660 613 772 654 nomen
795 591 921 655 lecerit.

740 744 780 811 t.

191 876 345 956 Alcippns
367 875 635 940 Lacedaemonius
663 897 703 938 ex
730 897 831 938 uxore
851 875 1036 939 Damocrito
1064 880 1140 939 duas
1160 877 1239 941 filias
1260 882 1408 964 suscepit.

114 982 145 1043 Is
166 1004 233 1043 curu
255 982 371 1061 optime
392 981 570 1044 consuleret
591 979 798 1061 reipublicae,
824 1002 951 1064 remque
971 979 1099 1063 exejus
1120 1004 1177 1045 usu
1198 997 1339 1069 gereret,
1370 987 1409 1048 ab

113 1089 261 1149 adversae
287 1085 436 1150 sectionis
463 1084 644 1148 hominibus
670 1107 728 1165 per
747 1083 892 1147 invidiam
922 1088 1004 1166 apud
1024 1087 1176 1165 Ephoros
1197 1088 1315 1151 delatus
1333 1089 1410 1165 suit,

113 1190 214 1273 iisque
240 1213 423 1274 persuasum
445 1190 585 1252 mendaci
613 1190 772 1266 oratione,
803 1190 972 1270 Alcippum
1000 1192 1086 1275 leges
1113 1192 1294 1255 convellere
1320 1192 1410 1256 insti-

111 1298 219 1359 tuisse.
260 1299 369 1359 Iussus
389 1293 494 1377 itaque
515 1295 616 1359 solum
637 1308 779 1369 vertere,
799 1295 911 1376 Sparta
926 1293 1015 1357 abiit.
1055 1296 1196 1360 Uxorem
1217 1310 1319 1361 autem
1340 1320 1410 1360 cum

113 1402 239 1463 filiabus
259 1399 350 1482 sequi
371 1399 513 1461 maritum
533 1399 688 1462 volentem
711 1398 908 1479 magistratus
929 1398 1074 1474 retinuit,
1095 1399 1265 1480 publicatis
1284 1401 1411 1483 iusuper

114 1505 246 1584 Alcippi
272 1503 383 1578 bouis,
415 1526 452 1566 ne
479 1507 536 1566 dos
561 1515 643 1566 esset
668 1503 804 1567 filiabus.
847 1502 926 1566 Cum
954 1525 1032 1566 vero
1059 1503 1261 1568 nibilominus
1287 1519 1409 1583 essent,

115 1609 169 1690 qui
189 1631 240 1670 eas
261 1611 303 1672 ob
323 1605 420 1689 patris
442 1609 586 1671 virtutem
607 1605 779 1670 ambirent:
801 1606 919 1671 inimici
940 1607 1073 1672 edictum
1094 1611 1215 1673 deuon
1237 1609 1407 1674 ambiendis

114 1714 159 1776 eis
180 1714 443 1793 impetraverunt:
465 1715 527 1775 hnc
547 1733 658 1775 causac
679 1713 934 1793 praetendentes,
955 1712 1169 1777 Damocritam
1183 1736 1406 1795 saepenumero

113 1819 290 1898 optavisse,
310 1831 343 1881 ut
362 1816 589 1900 quamprimum
610 1816 692 1879 filiae
711 1814 809 1898 ipsius
830 1815 913 1880 filios
933 1831 1094 1898 parerent,
1120 1820 1240 1882 ultores
1260 1834 1406 1901 paternae

112 1922 243 2004 injuriae
268 1921 405 1985 futuros.
447 1923 496 1984 Ita
522 1925 727 2006 undequaque
755 1920 992 2002 circumscripta
1018 1922 1218 1997 Damocrita‚
1250 1925 1408 2002 publicam

112 2027 307 2109 exspectavit
334 2026 566 2089 solennitatem:
599 2047 659 2107 qna
688 2028 725 2086 de
752 2045 840 2088 more
867 2023 1011 2086 mulieres
1038 2047 1100 2087 nna
1125 2049 1195 2087 cnm
1216 2024 1408 2108 virginibus,

112 2131 291 2198 domesticis
312 2145 343 2194 ct
362 2130 532 2193 infantibus
553 2127 799 2205 conveniebant,
825 2140 984 2191 matronae
1012 2139 1111 2195 autem
1132 2150 1299 2209 procerum
1321 2151 1409 2193 senr-

111 2235 169 2298 sim
190 2234 220 2296 in
243 2237 400 2308 androne,
421 2254 475 2294 sen
489 2230 634 2294 conclavi
649 2233 799 2311 quodam,
821 2241 945 2293 noctem
960 2231 1104 2294 festivam
1120 2235 1285 2295 ducebant.
1326 2235 1408 2297 Tum

112 2339 218 2422 gladio
240 2336 417 2412 succincta,
442 2358 500 2398 una
523 2357 592 2398 cum
613 2334 736 2398 filiabus
756 2333 788 2397 in
808 2334 953 2415 templum
975 2357 1008 2398 se
1028 2336 1178 2411 contulit,
1208 2336 1408 2400 observavit-

113 2466 174 2525 que
194 2442 228 2506 id
253 2454 392 2522 tempus,
420 2461 484 2526 quo
511 2440 674 2504 universae
702 2439 734 2502 iu
761 2442 900 2503 androne
927 2441 1074 2519 mysteria
1101 2443 1304 2527 peragebant.
1355 2439 1406 2504 lbi

111 2546 247 2610 aditibus
268 2545 423 2619 occlusis,
444 2547 540 2608 multa
560 2545 706 2608 adfores
727 2543 813 2627 ligna
833 2544 1008 2625 congessit,
1036 2568 1115 2626 quac
1134 2545 1259 2608 fuerant
1278 2549 1317 2608 ad
1336 2545 1405 2628 cjns

110 2651 291 2717 festivitatis
318 2650 504 2714 sacrificium
531 2661 732 2731 comparata:
766 2647 932 2732 ignemque
954 2647 1092 2721 immisit,
1133 2650 1223 2713 Viris
1244 2663 1343 2714 autem
1365 2655 1405 2716 ad

111 2757 364 2839 restinguendum
384 2754 559 2818 incendium
584 2754 835 2829 accurrentibus,
862 2752 1045 2817 Damocrita
1065 2751 1165 2830 filias,
1195 2777 1289 2837 seque
1310 2778 1404 2835 snper

111 2884 162 2926 cas
183 2859 350 2946 jugulavit.
391 2858 633 2923 Lacedaemonii
659 2880 728 2921 cum
748 2881 811 2924 non
830 2860 999 2934 baberent,
1024 2858 1056 2921 in
1078 2881 1169 2943 quem
1191 2859 1403 2934 desaevirent,

112 2968 263 3029 cadavera
295 2964 496 3029 Damocritae
523 2977 554 3026 et
580 2963 712 3027 filiarum
739 2948 828 3026 extra
856 2963 933 3027 fines
963 2961 1177 3044 projecerunt.
1236 2962 1287 3025 Ob
1318 2966 1404 3045 qnod

112 3070 233 3133 facinus
254 3069 334 3134 irato
361 3073 440 3143 deo,
471 3088 614 3150 magnum
640 3068 727 3132 illum
746 3079 849 3133 terrae
874 3081 991 3132 motum
1011 3065 1266 3132 Lacedaemoniis
1285 3064 1401 3132 immis-

112 3194 179 3239 sum
198 3173 294 3238 fnisse
315 3185 455 3240 narrant.

118 3327 369 3347 *au-—

114 3429 149 3489 C.
177 3434 203 3487 1.
238 3425 412 3500 συμβουλεύων
429 3430 465 3493 τε]
483 3424 573 3484 ΑΒΕ.
608 3425 708 3499 Vulgo
726 3423 898 3496 συμβουλεύων
913 3429 949 3483 dt.

117 3522 150 3582 C.
172 3527 199 3580 d.
233 3523 280 3577 sod
295 3522 439 3586 Ἀλκίππου]
458 3519 614 3575 articulum
632 3519 726 3592 adjeci
744 3537 781 3574 ex
798 3516 886 3573 ABE.
905 3517 1005 3576 Petav.

115 3616 151 3675 Ε.
176 3623 203 3676 6.
237 3614 299 3688 ὅπη]
317 3614 381 3677 ΑΕ.
415 3612 517 3689 Vulgo
535 3610 603 3670 ὅποι.
