3036 4994
647 215 896 284 ernruroe.
1344 200 1410 287 'm

122 382 232 444 Lunae
252 399 357 444 amore
377 377 493 452 teneri,
520 390 551 441 et
577 376 679 452 coire,
710 399 746 440 ae
765 379 854 443 foetu
873 375 1021 458 implere:
1052 392 1083 443 et
1111 392 1225 444 terram
1250 381 1409 446 homiuum

121 499 250 548 matrem
271 496 302 547 et
321 482 494 546 animalium
520 494 612 565 atque
632 483 774 569 stirpium
802 479 998 566 [originem]
1024 505 1148 549 necesse
1172 500 1219 551 est
1241 487 1409 568 aliquando

120 589 211 669 plane
230 589 348 672 perire,
369 586 422 650 ubi
443 586 524 650 acris
544 589 647 650 Amor
668 587 825 650 materiem
847 591 968 650 deseret
987 586 1042 668 qui
1060 610 1132 670 pars
1153 602 1200 652 est
1219 590 1285 666 dei,
1306 590 1410 666 [desie

122 696 278 757 deriumre
305 691 373 772 dei]
403 692 598 772 cessabitque
623 693 688 774 ipsa
714 676 890 753 desiderare
917 703 947 752 et
973 691 1120 774 persequi
1150 707 1264 757 motum
1282 694 1409 779 princi.

120 798 264 882 piumque
285 796 433 860 divinum.
475 799 537 859 Sed
557 819 594 859 ne
614 797 709 878 longe
732 795 890 858 videamur
907 794 1055 875 evagari,
1075 811 1127 860 aut
1141 798 1267 862 omnino
1281 800 1409 886 nugari,

119 901 216 976 nosti,
237 923 358 965 amores
378 921 546 982 puerorum
568 898 818 962 instabilissimos
840 898 937 979 vulgo
959 898 1042 976 dici,
1071 913 1102 962 ct
1126 900 1205 964 salse
1231 906 1269 966 ‹le
1289 903 1326 966 iis
1347 907 1409 968 boc

119 1004 246 1087 jactari,
268 1007 356 1069 istam
377 1003 543 1068 amicitiam
563 1003 617 1066 ovi
633 1004 730 1066 instar
747 1003 1048 1086 trifariam·[criue]
1070 1004 1189 1067 dividit
1210 1017 1409 1073 clamatores

121 1112 295 1174 Nomadum
317 1110 429 1184 instar,
449 1131 518 1170 cum
539 1108 570 1170 in
590 1107 712 1172 floridis
734 1121 764 1170 et
784 1107 955 1170 virentibus
971 1131 1028 1174 ver
1044 1108 1289 1197 consumseriut,
1308 1109 1410 1175 statim

118 1227 262 1298 tauquam
289 1236 329 1275 ex
350 1212 474 1276 hostico
501 1226 600 1275 eastra
625 1233 764 1277 movere.
815 1215 858 1275 Et
884 1217 1008 1294 quando
1034 1213 1095 1278 Bio
1123 1215 1262 1298 sophista
1291 1214 1411 1298 impor·

118 1321 222 1382 lunius
233 1317 376 1381 nonnihil
384 1318 595 1381 formosorum
607 1316 708 1379 crines
718 1316 908 1381 Harmodios
923 1318 1049 1383 vocarit
1059 1319 1411 1402 atqueAristogitoues,

119 1426 205 1504 quod
232 1422 271 1484 iis
298 1421 414 1498 enatis,
445 1421 574 1502 pulchra
600 1421 760 1500 tyrannide
786 1434 940 1484 amatores
965 1445 1032 1486 sese
1058 1423 1205 1488 abdicare
1229 1438 1407 1509 cogantur:

117 1530 196 1590 haec
222 1549 284 1590 non
311 1538 394 1588 recte
420 1526 609 1589 intentantur
636 1525 765 1589 crimina
792 1528 946 1608 germanis
977 1530 1181 1592 amatoribus.
1228 1531 1313 1594 Scita
1339 1540 1410 1593 sunt

118 1646 218 1694 autem
240 1652 318 1712 quae
339 1633 374 1692 de
394 1631 549 1710 Euripide
570 1628 731 1693 dicuutur:
765 1629 792 1693 is
818 1631 897 1694 euim
919 1634 1117 1716 Agathonem
1137 1635 1327 1709 formosum,
1357 1633 1408 1698 cui

116 1733 177 1815 jam
204 1735 318 1815 lanugo
346 1755 440 1814 genas
470 1733 583 1797 vestire
612 1734 787 1816 inciperet,
811 1737 1005 1819 amplectens
1032 1751 1063 1802 et
1092 1738 1275 1803 deosculans
1306 1736 1405 1816 dixit,

116 1834 358 1902 Pulchrorum
378 1837 487 1902 etiam
512 1837 763 1919 [anterranum]
789 1860 863 1906 esse
878 1838 1081 1929 pulchrum.
1123 1841 1188 1919 [At
1207 1865 1268 1928 ego
1290 1841 1406 1916 dicam,

114 1943 264 2006 Amorem
285 1945 484 2004 honestarum
506 1945 905 2024 castarunrque·1nulierum
931 1965 994 2007 non
1022 1947 1121 2009 solum
1147 1945 1179 2008 in
1200 1957 1356 2009 senectuto
1377 1959 1407 2008 rt

114 2046 198 2109 cauis
220 2045 328 2130 vigere
349 2059 380 2108 et
399 2047 505 2130 rugis,
531 2050 586 2108 sed
609 2069 706 2128 usque
735 2053 773 2112 ad
801 2049 989 2129 sepulturam
1017 2053 1316 2136 monumentumque
1334 2076 1407 2137 per·

115 2156 227 2216 durare
234 2154 260 2230 ]‘.
295 2152 346 2213 Ac
360 2150 525 2230 puerilium
541 2172 681 2213 amorum
697 2151 782 2230 paria
798 2173 895 2232 pauca
909 2163 1052 2233 possunt,
1068 2152 1253 2216 uxoriorum
1268 2177 1407 2221 amorum

114 2256 209 2319 multa
230 2255 403 2317 enumerari
424 2254 534 2328 millia,
565 2276 644 2336 quae
659 2254 789 2317 firmiter
813 2275 932 2318 ornnem
954 2254 1181 2319 communionis
1200 2271 1231 2322 et
1251 2261 1407 2327 fidelitatis

114 2358 295 2423 societatem
322 2361 361 2420 ad
388 2359 480 2421 finem
507 2372 616 2442 usqne·
632 2359 715 2422 vitae
738 2360 1007 2422 conservaverint.
1048 2361 1150 2423 Unum
1170 2384 1231 2447 ego
1252 2365 1406 2443 referam,

115 2468 201 2548 qnod
222 2485 289 2526 mea
309 2477 422 2536 aetate,
443 2462 611 2542 impera-ute
634 2463 850 2543 Vespasiano,
871 2463 997 2527 accidit.
1097 2447 1102 2454 ’

191 2568 318 2630 XXV.¹
349 2566 471 2642 Julius,
502 2566 555 2649 qui
581 2566 613 2629 in
640 2566 742 2630 Gallia
769 2567 952 2630 defectionis
978 2582 1090 2634 auctor
1117 2570 1198 2649 fuit,
1229 2596 1298 2637 cum
1325 2575 1404 2639 alios

113 2673 227 2736 multos
241 2670 371 2747 habuit,
392 2685 426 2735 ut
446 2670 633 2746 lieri'solet,
654 2670 701 2734 sui
722 2684 852 2734 conatus
872 2673 992 2749 socios,
1011 2686 1075 2738 tum
1096 2677 1243 2740 Sabinum
1262 2686 1404 2765 quoquo,

111 2775 266 2840 hominem
293 2796 356 2839 uon
385 2779 588 2862 degenerem,
615 2787 646 2840 et
674 2775 728 2860 qui
756 2773 874 2839 divitiis
899 2777 1065 2862 gloriaque
1086 2802 1192 2845 omues
1213 2784 1291 2847 alios
1310 2785 1404 2846 facile

113 2879 264 2944 vinceret.
305 2879 362 2956 Hi,
388 2884 483 2943 rebus
504 2878 612 2942 arduis¹
628 2879 774 2954 tentatis,
800 2902 944 2942 successu
965 2898 1149 2947 caruerunt:
1178 2906 1309 2967 cumque
1329 2907 1403 2973 sup-

110 2984 203 3068 plicia
225 3006 258 3049 se
278 2987 405 3048 daturos
425 2984 668 3066 praesentirent,
688 2983 799 3066 partim
822 2980 855 3046 sc
870 2984 956 3064 ipsos
970 3007 987 3047 e
1001 2985 1064 3048 vita
1079 2991 1269 3064 eduxerunt,
1290 2989 1401 3070 partim

109 3089 141 3152 iu
169 3092 246 3174 fuga
273 3089 356 3171 capti
379 3101 462 3152 suut.
483 3096 486 3101 ’
510 3089 626 3150 Sabino
657 3087 758 3151 aut'em
788 3087 970 3170 caeteroqui
989 3089 1082 3152 facile
1109 3088 1241 3166 licebat,
1266 3090 1340 3176 stiga
1364 3100 1402 3159 ad

109 3197 264 3256 barbaros
289 3192 392 3269 lacta,
420 3192 512 3255 saluti
536 3192 609 3255 suae
633 3194 808 3257 consulere.
850 3197 911 3256 Sed
932 3215 1061 3256 uxorem
1083 3196 1214 3257 duxerat
1234 3197 1398 3276 optimam,

111 3296 236 3360 nomine
256 3295 431 3377 Emponam
453 3295 593 3372 (Graece
606 3299 777 3361 Heroidem
793 3297 946 3377 diceresJ.
987 3300 1076 3360 Hanc
1090 3319 1157 3361 cum
1171 3322 1271 3383 neque
1286 3305 1400 3366 ducere

111 3424 214 3485 secum
242 3411 367 3483 posset,
396 3421 496 3481 neque
525 3402 667 3463 deserere
697 3400 883 3465 sustineret:
917 3416 947 3465 et
976 3402 1044 3464 ruri
1074 3404 1202 3468 haberet
1231 3409 1289 3469 sub
1314 3420 1398 3472 terra

111 3509 240 3571 effossas
262 3507 415 3578 cameras,
434 3502 464 3565 iu
486 3526 563 3587 quas
584 3503 695 3586 reponi
709 3527 759 3569 res
773 3506 863 3568 utiles
878 3520 1022 3586 possent,
1043 3510 1165 3571 duobus
1177 3521 1293 3573 tantum
1308 3525 1397 3574 notas

113 3610 257 3675 libertis:
287 3590 428 3690 reliquos
453 3607 587 3671 famulos
608 3630 721 3697 omues
735 3608 870 3684 dimisit,
895 3632 928 3672 se
948 3632 1068 3674 veneno
1089 3611 1150 3674 sibi
1170 3625 1300 3676 mortem
1321 3603 1396 3678 con·

121 3759 346 3774 ’-

115 3842 146 3899 C.
171 3841 211 3902 ib.
230 3839 284 3897 οὐδ’
302 3847 327 3896 ἐν
347 3842 455 3913 γηρῶσιν
472 3837 670 3913 ἀναπαυόμενος]
697 3842 738 3896 sie
754 3841 888 3896 lacunam
910 3842 1041 3914 explevi,
1067 3862 1140 3918 quae
1158 3844 1246 3920 uulgo
1266 3855 1310 3899 est
1329 3857 1396 3918 pom

262 3933 357 4005 μόνον,
384 3951 419 3988 ex
441 3930 577 3991 Stohaeo.
614 3933 649 3987 In
669 3935 690 3988 B
708 3952 832 3989 vacuum
854 3937 979 4008 spatium
1000 3947 1045 3990 est
1064 3937 1205 3992 tredecim
1224 3936 1392 4002 literarum,

262 4027 313 4082 sed
337 4028 368 4080 in
389 4027 413 4080 E
438 4025 550 4080 nullum
575 4026 695 4082 lacunae
719 4030 883 4103 vestigium.
924 4029 1024 4104 Vulgo
1046 4031 1128 4084 locus
1153 4032 1196 4085 sic
1223 4029 1391 4104 legebatur:

262 4119 339 4177 καλὸν
357 4124 480 4185 ἐκδέχεται
497 4118 577 4190 μόνον
598 4119 688 4176 *olet
678 4129 702 4176 ir
718 4127 819 4184 πολιαῖς
836 4119 957 4193 ἀκμάζων.
1182 4130 1185 4135 ’

112 4209 145 4268 C
168 4218 193 4267 6.
228 4209 306 4281 μόνον
326 4207 370 4265 οὐκ
388 4211 424 4277 tr]
445 4228 459 4264 e
481 4230 544 4267 mea
565 4215 744 4285 conjectura.
779 4215 923 4290 Vulgo'
890 4237 996 4286 pirou
989 4211 1108 4270 οὐδὲν.
1142 4213 1201 4271 Sed
1217 4214 1367 4308 lor‘tasse
1359 4235 1389 4271 ru

259 4301 373 4373 μόνον.
354 4305 424 4359 latet
442 4306 540 4378 potius
559 4305 638 4360 noluo
651 4306 753 4379 χρόνον.
1315 4323 1318 4328 “

113 4392 146 4451 C
169 4391 209 4451 ih.
231 4388 343 4465 πολιαῖς]
360 4395 429 4454 Bas.
448 4396 517 4468 Xyl.
552 4397 588 4452 In
606 4396 706 4472 Steph.
726 4399 797 4456 Frft.
817 4404 911 4454 notant.
946 4398 1006 4457 BE.
1025 4398 1093 4461 ΛΜ.
1110 4400 1238 4455 πολιῶσα.

113 4487 153 4542 D.
178 4491 204 4544 3.
235 4484 352 4556 Ἰουλιος]
371 4490 492 4551 Κιοὺλιος
511 4491 568 4548 ΒΕ.

110 4578 147 4635 D.
166 4578 218 4634 ult.
237 4581 358 4646 ἐκποδῶν]
380 4580 440 4637 ΒΕ.
476 4584 576 4656 Vulgo
592 4591 618 4638 iu
635 4585 727 4640 notatu
780 4614 784 4622 ·

110 4671 145 4726 E.
171 4676 196 4729 6.
231 4669 270 4739 ἣν]
296 4689 310 4725 e
332 4691 396 4728 mea
419 4678 587 4748 conjectura
608 4676 715 4737 addidi.
753 4675 918 4753 Wyttenb.
936 4680 1073 4755 coniecit,
1090 4675 1190 4748 auitam
1212 4672 1434 4732 inserendum-
