3036 4994
348 322 410 386 tgna
425 321 452 371 δὲ
468 318 517 372 τῶν
533 318 648 376 κάτοιθιν
664 316 758 377 ἐνθάδ’
777 317 810 377 αὖ
827 322 894 377 θεῶν

345 407 468 484 ἄμοιρον,
489 410 634 485 ἀκτέριστον
641 455 650 479 ,
672 410 901 471 άνόυιοννέκυν.

79 541 125 601 lbi
142 554 221 600 recte
242 541 438 600 scholiastes:
456 545 502 601 τόν
519 544 554 618 μὴ
570 545 679 617 τυχόντα
699 546 749 603 τάν
764 540 838 603 ieter
857 552 928 618 λέγει.
943 546 947 561 “

141 736 172 795 p.
192 723 240 784 30,
260 727 299 777 tt.
336 716 368 774 οὗ
384 719 433 792 peip
452 717 596 794 άλλοτρίαν]
630 721 708 797 Lege
725 719 825 794 γνάμην
839 718 990 796 α’λλοτρλανε
1003 712 1004 717 ¹
1016 733 1049 779 tlt
1066 721 1144 779 dicat
1165 724 1351 803 Zeuxippus:

76 808 134 866 Est
152 811 215 878 ita,
243 828 271 865 nt
290 811 380 869 dieis.
417 813 528 870 Aliena
551 834 571 869 α
595 833 665 871 nero
687 830 713 869 et
739 815 871 870 absurdo
894 830 937 870 est
961 834 1064 872 eorum
1080 819 1240 884 sententia,
1266 838 1354 894 quum

74 899 178 970 refers·
211 903 438 964 XYLANDER.
473 906 508 964 F.
542 903 572 961 οὖ
597 906 662 978 μην,
692 902 744 961 dtt'
769 903 923 980 ἀλλοτρίαν,
953 907 1057 963 habent
1084 908 1139 963 hae
1162 909 1279 984 quidem
1304 933 1354 970 res

74 997 240 1070 (negotium
257 1007 324 1071 puta
344 999 473 1062 amoris)
491 1018 610 1065 euram,
634 1000 688 1055 sed
702 1000 814 1066 uliam,
840 998 869 1055 id
887 1010 949 1069 est,
967 1020 1028 1056 non
1044 1011 1147 1057 carent
1164 992 1280 1078 quidem
1299 1023 1354 1063 uu·

72 1088 172 1153 mine,
208 1089 260 1145 sed
291 1090 384 1146 Amor
415 1109 465 1148 eas
496 1110 557 1148 non
585 1103 678 1153 curet.
723 1091 916 1152 REISKIUS.
968 1093 1075 1170 Lego,
1110 1088 1204 1166 όμολαν
1238 1088 1352 1165 «itepide.

72 1178 431 1241 WYTTENBACHIUS.
477 1183 590 1240 Locum
613 1202 674 1241 non
702 1184 848 1259 expedio..
886 1185 981 1242 Nune,
998 1186 1115 1262 quidem
1139 1186 1298 1263 acquiesco
1323 1188 1355 1245 in

70 1270 182 1329 Reiskii
199 1275 369 1344 conjectura
390 1284 513 1348 propter
536 1293 585 1344 ea,
611 1295 684 1352 quae
704 1278 781 1332 inira
799 1277 1036 1352 legunturpst
1004 1278 1110 1351 7591)
1144 1284 1206 1349 λέγω
1226 1276 1255 1349 δι’,
1274 1276 1355 1371 αφά·-

69 1369 158 1430 λαιον,
184 1363 217 1428 ὡς
237 1365 293 1421 οὔτε
318 1363 489 1422 άθιίαατον“
477 1391 491 1422 ο
512 1369 561 1423 τάν
582 1367 690 1443 ἐρώντων
702 1350 896 1442 ἐνθουσιασμός
919 1378 989 1439 ἔοι-,ι
1024 1372 1081 1457 οὔτε
1108 1370 1227 1428 ἄλλοτ’
1212 1395 1264 1442 εχει
1289 1364 1354 1431 aeis

70 1455 205 1528 ἐπιστάτην
220 1465 263 1514 καὶ
281 1457 415 1528 ἡνίοχον
397 1485 413 1531 η
431 1462 538 1528 enitet,
563 1460 582 1532 ᾧ
598 1486 643 1518 νυν
658 1462 807 1546 ἑορτάζομεν
823 1470 866 1518 καλ
882 1460 988 1537 θυοριεν
1078 1524 1096 1561 2,

139 1627 167 1683 p.
188 1614 299 1676 30,19.
333 1609 365 1666 τά
382 1615 428 1682 γε]
464 1610 554 1669 F.'
526 1634 553 1668 ει·
576 1635 623 1683 ηε,
653 1610 722 1667 hene
747 1612 861 1687 uliquis
884 1612 1084 1688 apprehendat
1108 1620 1140 1669 et
1165 1613 1197 1670 in
1222 1613 1353 1670 medinm

70 1699 180 1770 offerat
197 1701 428 1774 disputationem
449 1703 594 1760 Platonis.
629 1703 822 1766 REISKIUS.
857 1690 957 1783 Vulgo
975 1705 1125 1783 legebatur
1150 1706 1238 1791 oties.
1274 1694 1350 1765 (101*ὲ

69 1796 134 1850 rexi
152 1813 216 1851 cnm
234 1794 273 1851 W
275 1792 386 1868 yttenh.
404 1793 438 1850 τό.
455 1819 491 1867 γε.

134 1964 163 2020 p.
183 1951 229 2012 to,
247 1951 291 2005 90.
325 1947 372 2002 τοῦ
392 1945 469 2018 λόγου
491 1953 534 2002 καὶ
555 1945 732 2020 παρεξιόντος]
765 1949 810 2005 Ita
828 1948 905 2005 edidi
922 1967 938 2004 e
955 1968 1019 2006 mea
1039 1952 1218 2024 conjectura.
1252 1950 1349 2025 Vulgo

66 2036 218 2114 legebatur
233 2039 281 2093 τοῦ
297 2037 374 2109 λόγου
390 2046 433 2094 καὶ
448 2038 612 2110 παρεξιόντα,
629 2043 660 2097 in
673 2059 730 2114 qua
742 2043 889 2115 scriptura
907 2044 965 2114 jam
977 2043 1130 2116 Xylander
1147 2040 1276 2098 offensus
1294 2054 1348 2110 est,

68 2132 117 2186 eui
141 2132 197 2186 hoc
214 2137 257 2186 καὶ
272 2149 333 2186 non
353 2133 425 2187 setis
447 2131 598 2187 commode
618 2143 696 2188 stare
719 2134 825 2191 visum.
860 2132 996 2189 Reishius
1019 2135 1145 2207 conjecit
1165 2140 1207 2188 καὶ
1229 2134 1350 2206 παρεξιών

66 2245 122 2290 τις,
151 2223 276 2280 etiamsi
294 2223 485 2286 intransitu.
518 2223 653 2280 Imitatus
674 2234 724 2279 est.
735 2223 911 2280 Plutarchus
932 2225 1063 2281 Platonis
1082 2226 1194 2293 locum,
1223 2225 1259 2281 de
1284 2244 1348 2300 nep.

66 2315 124 2371 VI.
142 2336 171 2390 p.
190 2321 241 2374 500
258 2319 295 2374 A.
330 2313 428 2372 τοιαῦτ’
452 2314 516 2372 ἄιτα
538 2313 570 2388 ἦν
591 2316 625 2373 τοὶ
648 2316 765 2388 λεγόμενα
785 2316 1007 2390 παρεξιόντος
1028 2324 1072 2374 καὶ
1092 2324 1350 2392 παρακαλυπτομένου

65 2410 128 2464 τοῦ
154 2407 253 2480 λόγου
276 2417 452 2481 πεφοβημένου
472 2419 547 2464 ιιινιῖν
568 2409 598 2464 τὸ
623 2409 666 2466 νῦν
684 2409 780 2483 παρόν.
816 2409 954 2469 Similem.
970 2412 1145 2468 sententiam
1161 2412 1193 2468 iu
1210 2413 1347 2469 versione

68 2511 202 2563 correcta
220 2503 366 2576 expressit
378 2500 532 2574 Wyttenb.
568 2502 748 2569 Enimvero,
768 2500 869 2559 intulit
883 2518 984 2578 pater,
996 2504 1135 2563 Plutonis
1152 2523 1263 2579 qnoque
1280 2524 1347 2562 sert-

66 2593 161 2650 νεανία
178 2593 381 2672 disputationi
397 2609 519 2651 nostrae
535 2595 582 2651 vei
592 2596 763 2670 praeterire
778 2596 891 2655 veienti
905 2616 1027 2655 matium
1044 2596 1177 2675 injiciat.

132 2762 162 2818 p.
181 2747 229 2812 30,
255 2748 298 2827 90.
336 2735 436 2816 μανία]
479 2743 544 2801 Jam
569 2734 771 2821 Empedocles
791 2745 899 2821 duplex
928 2745 1039 2803 furoris
1067 2765 1160 2822 genus
1193 2755 1345 2805 statuerat.

66 2835 145 2894 Coel
165 2836 267 2896 Aurei.
289 2836 324 2893 de
344 2835 457 2894 morbis
475 2839 579 2895 chron
599 2838 621 2893 Ι.
638 2842 665 2895 5.
700 2838 910 2914 Empedoclem
931 2853 1082 2913 sequentes
1105 2838 1199 2894 utinm
1221 2843 1280 2905 (se.
1298 2838 1347 2894 fn-

63 2932 181 2996 rorem)
198 2929 301 2987 dirum
316 2951 357 2986 τοι·
373 2929 474 2988 animi
486 2944 681 3005 purgamento
690 2929 780 3001 fieri,
798 2930 893 2988 ulium
910 2929 1091 2987 alietmtione
1104 2928 1212 2986 mentis
1223 2949 1264 2985 es.-
1278 2946 1350 2987 eor·

60 3022 150 3107 poris
168 3041 262 3079 causa
278 3023 344 3079 sine
361 3022 531 3098 iniquitute.

132 3191 161 3246 p·
179 3178 227 3240 30,
245 3179 289 3232 21.
321 3196 337 3240 η
327 3170 512 3244 πνεύματος]
547 3170 646 3228 Reish·
663 3171 764 3227 ‘deleto
781 3171 799 3241 ἢ
816 3154 950 3227 scribere
967 3169 1029 3226 vult
1048 3172 1176 3240 συμμ1ἒεαι
1194 3166 1344 3240 resipuere.

65 3263 202 3320 Ceterum
225 3264 292 3320 vide
310 3264 386 3320 Plnt.
411 3282 465 3320 eur
486 3265 592 3336 Pythie
617 3282 678 3321 non
700 3263 804 3321 reddat
828 3260 948 3319 oracula
967 3263 1096 3318 carmine
1122 3280 1151 3336 p.
1171 3269 1223 3325 404
1247 3261 1282 3325 F.
1307 3262 1342 3319 de

65 3354 124 3412 dei.
145 3355 256 3414 oracul.
273 3374 304 3430 p.
321 3363 374 3416 499
393 3357 431 3413 D.
450 3370 517 3433 sqq.

131 3523 162 3581 p.
180 3509 228 3573 90,
244 3510 289 3564 93.
324 3502 466 3584 οἰκογενής]
500 3504 575 3563 Vide
591 3503 722 3568 Loheeh.
740 3506 777 3563 ad
794 3505 906 3577 Phryn.
924 3522 953 3580 p.
972 3508 1034 3573 909.
1089 3558 1114 3613 tt

129 3674 160 3730 p.
180 3659 228 3722 90,
245 3659 290 3713 94.
325 3652 405 3728 ἀρχὴν
433 3659 570 3729 κρείττονος
595 3653 734 3727 δυνάμεως]
785 3654 970 3711 Postliminio
998 3655 1138 3711 revocavi
1167 3657 1343 3730 scripturam

60 3747 208 3806 librorum
230 3747 375 3804 editorum
392 3757 421 3806 et
443 3750 639 3824 scriptorum,
656 3748 691 3808 Β.
709 3748 742 3805 Ε.
762 3748 830 3809 Α1ι1.
852 3750 915 3805 Bas.
950 3748 1051 3826 Vulgo
1067 3747 1217 3824 legebatur
1232 3744 1342 3817 όποχόν,

65 3842 144 3916 qnod
162 3840 328 3915 Stephanus
347 3844 451 3898 sumsit
468 3859 482 3896 e
501 3841 623 3901 Leonic.
642 3841 755 3899 Schott.
772 3842 893 3900 Hutten.
911 3840 1002 3898 edidit
1024 3839 1149 3910 κατοχὴν,
1177 3839 1254 3917 qued
1277 3858 1344 3896 eum

62 3935 147 3995 Men.
169 3934 326 4010 legendum
350 3947 547 4009 proposuerat
571 3935 727 4011 Wyttenh.
763 3937 863 3998 Reish.
890 3948 940 3993 aut
963 3935 1273 4011 inopinis-legendum
1296 3946 1346 3992 aut

65 4029 187 4084 eandam
204 4028 413 4085 detrahendam
437 4047 501 4085 esse
526 4049 562 4086 ex
584 4029 699 4101 όποχήν,
728 4040 762 4086 ut
783 4031 897 4107 legatur
917 4027 967 4086 όπό
988 4028 1160 4102 simpliciter
1180 4037 1345 4086 censuerat.

67 4119 124 4177 Sed
139 4123 225 4178 unice
248 4140 350 4179 vermn
368 4133 431 4191 est,
458 4122 535 4199 quod
552 4143 607 4200 ego
624 4126 749 4181 restitui.
785 4123 931 4180 Turbavit
949 4126 1029 4181 enim
1047 4127 1239 4200 interpretes,
1267 4122 1345 4198 quod

64 4230 130 4272 voe.
147 4211 209 4288 όρχή
227 4217 259 4272 in
273 4215 376 4273 eadem
395 4215 554 4274 verborum
570 4219 832 4294 comprehensione
849 4219 966 4275 diversa
985 4215 1200 4293 significatione
1216 4218 1344 4292 positum

63 4315 93 4360 et
115 4306 162 4362 hie
179 4308 296 4384 quidem
312 4308 492 4384 imperium,
510 4311 597 4385 paulo
614 4321 683 4387 post
700 4330 771 4368 vero
789 4311 914 4369 initium
930 4311 1017 4368 valet.
1051 4311 1203 4368 Aristotel.
1222 4310 1343 4373 Rhetor.

63 4396 124 4464 ΙΙΙ,
148 4405 186 4456 ii·
204 4418 234 4473 p.
255 4406 313 4461 190.
347 4400 458 4458 eieott
478 4409 522 4459 καὶ
539 4400 573 4458 τά
591 4401 693 4460 imita·
717 4411 772 4459 οἷον
791 4403 821 4459 τό
839 4401 918 4475 φάναι
931 4399 1075 4473 Ἀθηναίοις
1089 4403 1136 4472 την
1153 4405 1197 4474 τῆς
1214 4400 1344 4472 θαλάττης

56 4487 77 4544 ti
87 4489 185 4561 ρχὴν,
208 4489 243 4562 μὴ
263 4491 362 4566 ἅρχόρν
378 4502 444 4552 tirus
458 4496 508 4552 teis
526 4497 621 4552 κακῶν·
644 4495 758 4553 ὄνασθαι
773 4494 831 4569 γάρ.
860 4497 899 4553 ἹΙ
913 4494 995 4571 ὅτι-τερ
1010 4495 1155 4571 Ἰσοκράτης
1174 4497 1219 4566 τὴν
1241 4495 1341 4570 ἀρχὴν

60 4584 92 4659 τῇ
109 4581 196 4652 πόλει,
213 4583 314 4657 ἀρχὴν
330 4589 452 4645 εἶναιτῶν
464 4589 557 4646 καινάν·
580 4587 729 4662 άμφοτίρυς
743 4593 793 4663 γὰρ
810 4588 825 4647 ὃ
843 4585 887 4646 οὖν
905 4587 936 4645 ἄν
956 4587 1030 4662 ᾠήθη
1046 4613 1084 4654 τις
1101 4597 1173 4664 ἐρεῖν,
1187 4588 1254 4647 τοῦτ’
1271 4597 1343 4662 tipp-
