3036 4994
198 397 354 457 ransart
371 395 480 454 ιιιιιιι
497 399 575 467 ..ιι
591 391 719 469 ιρι...
736 392 814 449 irem
831 392 907 460 vu,
926 398 969 450 ιι.

176 531 344 592 'ARISTO
365 523 1122 601 Chius,Stoicus,tpurradedaaepassdcedidit,
1139 537 1267 585 testeeo
1290 547 1336 585 em
1418 573 1426 598 ‚

133 632 193 689 tos.
230 625 288 685 Sed
307 646 373 683 cnm
391 629 454 702 ipse
472 624 561 699 Diog.
580 623 679 681 Laert.
699 632 815 687 narret,
835 620 1018 677 Sosicratem
1037 631 1066 676 et
1084 622 1255 679 Panaetium
1271 623 1426 705 pleraque,

133 725 207 796 quae
225 721 371 778 Aristoni
380 718 455 776 Chio
475 716 643 774 tribuantur
667 718 794 790 scripta,
808 715 994 790 adjudicasse
1008 717 1146 773 Aristoni
1166 715 1240 786 Ceo,
1270 720 1302 775 iu
1320 719 1426 777 horum

132 814 308 869 sententiam
325 809 550 868 concedendum
566 811 694 911 ridetur.

198 908 398 1016 uetcnntts
423 947 564 1022 scripsit,
590 955 711 1001 anctore
740 943 831 1019 Diog-
855 942 956 1002 Laert.
980 943 1028 1008 X,
1054 949 1100 1010 11,
1119 951 1152 1003 tt
1179 943 1280 1019 ffurpt
1263 947 1369 1020 στόμια
1382 922 1425 1005 aul

127 1042 210 1098 κενοῦ.
245 1046 322 1113 περὶ
337 1047 464 1114 ἔρωτος.
499 1038 604 1110 dracoue}
624 1037 689 1112 πρὸς
703 1036 762 1101 τοὺς
782 1036 912 1110 φυσικούς.
938 1037 1026 1094 Hunc
1044 1037 1095 1093 de
1099 1055 1198 1094 atnore
1216 1039 1325 1096 librum
1341 1043 1424 1101 tide-

125 1144 175 1190 tur
191 1135 360 1208 respexisse
379 1133 587 1191 Plutarchus
579 1151 609 1189 m
629 1130 741 1189 Erotio.
766 1149 792 1190 c.
809 1129 896 1187 XIX.
925 1149 956 1203 p.
975 1130 1075 1189 76511.
1101 1150 1128 1188 e.
1147 1131 1233 1201 XXI.
1265 1152 1296 1208 p.
1315 1142 1364 1192 766
1386 1135 1421 1193 Ε.

125 1238 155 1284 et
172 1247 198 1284 c.
216 1227 332 1285 XXIV.
360 1231 410 1286 769
428 1226 464 1287 F.
482 1245 510 1282 v.
530 1225 647 1300 Menag.
667 1231 703 1282 ad
722 1224 809 1299 Diog.
827 1223 927 1281 Laert.
946 1223 992 1291 X,
1012 1232 1070 1284 tto.

190 1360 273 1418 Inter
297 1360 463 1435 Epicureos
486 1361 574 1416 etiam
596 1325 1108 1432 METRODORUS'Lampsaeenus
1127 1359 1162 1415 de
1180 1377 1285 1426 amore,
1305 1360 1422 1418 videtur

123 1456 232 1529 egisse.
267 1453 348 1511 Vide
375 1453 450 1509 Plut.
477 1453 588 1510 Erotio.
615 1471 640 1509 c.
659 1450 714 1510 IX.
747 1471 776 1527 p.
796 1457 845 1509 753
864 1451 894 1508 C.
921 1461 949 1510 et
974 1470 1000 1511 c.
1019 1452 1135 1510 XXIII.
1171 1472 1199 1528 p.
1218 1459 1267 1511 769
1287 1455 1326 1514 D.
1351 1453 1418 1514 coll.

123 1565 226 1621 praec.
246 1548 363 1623 conjug.
382 1566 411 1621 p.
434 1547 531 1604 nur.
552 1545 653 1604 142Α

192 1678 501 1737 PROTAGORIDES
528 1679 713 1754 Cyzicenus,
742 1680 864 1755 scripsit
886 1676 1070 1754 'Aepolium
1095 1665 1266 1754 tpocsaot,
1296 1687 1417 1735 auctore
1471 1693 1475 1701 ·

122 1773 230 1831 Athen.
250 1774 301 1835 lv.
326 1774 426 1832 1620.

186 1906 301 1983 Agmen
325 1908 442 1965 claudat
467 1908 614 1966 CAPITO
645 1909 885 1974 Alexandrinus,
914 1907 965 1982 qui
988 1906 1110 1980 scripsit
1133 1900 1311 1980 Ἐρωτικῶν
1340 1903 1435 1962 duos

116 1997 228 2070 libros,
246 2021 276 2060 ιι.
294 2002 402 2059 Athen.
423 2001 462 2057 X.
486 2021 516 2077 p.
535 2002 637 2062 4⁰50.

689 2201 795 2283 Caput
815 2203 843 2265 1.

183 2362 389 2420 Collocutores
410 2371 480 2418 suut
498 2361 663 2419 Flauianus
688 2371 717 2417 et
735 2360 911 2419 Autobulus.
946 2360 990 2416 De
1011 2354 1153 2415 Flaviano
1179 2358 1253 2414 nihil
1276 2368 1413 2427 constat,

116 2453 169 2510 sed
183 2453 348 2510 Autobulus
364 2464 435 2508 natu
453 2456 597 2509 maximus
615 2451 744 2509 liliorum
763 2454 909 2509 Plutarchi
926 2453 1018 2510 fuisse
1037 2453 1169 2519 videtur,
1189 2454 1273 2526 eujus
1291 2454 1409 2526 nuptias

117 2559 261 2604 memorat
275 2550 339 2622 ipse
359 2548 432 2604 Plut.
451 2547 572 2619 Quaest.
592 2545 693 2620 Symp.
713 2546 770 2612 IV,
789 2553 813 2604 3.
832 2565 864 2620 p.
881 2550 932 2602 666
949 2553 991 2601 0.Δ
1010 2546 1192 2603 Autobulum
1209 2556 1238 2602 et
1255 2545 1407 2601 Soclarum

115 2641 317 2716 colloquentes
329 2643 398 2698 fecit
415 2642 500 2697 etiam
514 2643 545 2696 in
560 2638 637 2695 libro
654 2647 710 2712 περὶ
726 2642 894 2711 κυνηγετικῆς,
913 2650 946 2695 ut
956 2659 992 2696 ex
1004 2641 1176 2717 fragmentis
1187 2652 1268 2716 potet
1280 2643 1314 2699 T.
1324 2643 1404 2702 XIV.

115 2752 144 2807 p.
160 2740 219 2805 351·
242 2733 324 2792 Ilutt.
361 2734 444 2791 Filiis
462 2733 612 2789 Autobulo
630 2743 660 2788 et
675 2733 836 2793 Plutarcho
854 2735 1009 2808 inscripsit
1025 2737 1268 2793 commentorium
1285 2737 1321 2792 de
1337 2738 1409 2795 aui-

111 2847 178 2882 rrme
192 2828 420 2900 procreatione,
445 2848 520 2903 praue
537 2826 571 2884 iu
591 2827 715 2884 Timaeo
735 2827 874 2884 Plutonis
902 2827 1085 2884 describitur
1112 2849 1140 2902 p.
1162 2835 1239 2888 1611.
1269 2827 1406 2883 Ceterum

112 2917 256 2976 Autobuli
272 2939 378 2976 nomen
397 2922 428 2977 in
445 2921 596 2976 Plutarchi
613 2920 723 2975 faenilia
739 2921 957 2995 frequentatum
973 2921 1080 2987 fuisse,
1099 2922 1240 2977 discimus
1258 2937 1275 2974 e
1293 2917 1407 2975 duabus

112 3011 351 3085 nientorahilihus
368 3011 619 3088 Inscriptionihus
642 3015 673 3069 in
696 3013 785 3087 Corp.
808 3013 901 3069 Inscr.
928 3013 1048 3070 Boechh.
1066 3012 1091 3066 I.
1115 3030 1145 3084 p.
1169 3013 1219 3068 793
1237 3021 1265 3066 et
1283 3015 1342 3070 tat.
1361 3013 1405 3068 tit.

112 3113 178 3165 1627
195 3117 224 3162 et
241 3113 319 3165 1628.
353 3106 522 3164 Florianus
541 3124 613 3162 vero
633 3108 743 3181 etipse
762 3106 879 3162 videtur
896 3106 1049 3179 Plutarchi
1068 3103 1147 3162 filius
1165 3105 1267 3163 fnisse.

179 3268 208 3322 p.
227 3255 257 3314 2,
276 3253 292 3304 3
308 3267 321 3272 ι’
341 3245 593 3324 ΦΛΑΟΤΙΑΝΟΣ]
618 3248 751 3306 inlibris
770 3250 891 3323 scriptis
910 3259 939 3304 et
955 3249 1042 3305 editis
1060 3247 1276 3323 antiquioribus
1293 3249 1401 3328 ubique

110 3340 344 3416 colloquentium
359 3343 480 3398 nomina
498 3342 618 3412 desunt,
651 3344 758 3400 sedin
783 3344 807 3400 B
832 3343 908 3399 et'E
944 3360 1035 3399 vacua
1051 3343 1168 3416 lpictori
1186 3344 1279 3418 spatia
1297 3344 1400 3402 relicta

111 3444 192 3492 sunt.

180 3570 208 3626 p.
229 3555 308 3619 2,.1.
343 3551 406 3623 φῂς]
430 3553 478 3623 φὴς
497 3553 530 3610 B·
548 3555 582 3612 Ε.
601 3556 668 3613 Ald.
688 3556 757 3614 Bas.

179 3688 209 3744 p.
228 3677 261 3737 2,
279 3677 305 3728 4.
341 3677 390 3726 εἴτε
405 3672 578 3744 γραψάμενος]
597 3681 620 3729 el
634 3684 663 3731 τέ
678 3692 758 3747 ppetuu
792 3674 860 3737 ΑΜ.
881 3673 947 3732 Bas.

179 3806 208 3862 p-
227 3795 260 3856 2,
279 3793 305 3846 5.
339 3794 519 3860 ἐπανερέσθαι]
540 3799 710 3862 thartharea·
732 3793 766 3852 Β.
788 3795 820 3850 Ε.

179 3923 208 3979 p.
227 3911 259 3972 2,
278 3913 303 3962 1.
339 3911 409 3980 παρὰ
434 3915 492 3970 ταῖς
513 3908 650 3977 Μούσαις]
677 3910 752 3968 Vide
770 3930 795 3968 c·
814 3888 851 3969 ll.
880 3914 1010 3980 ἆιίζευξιιι
1037 3926 1064 3974 ol
1087 3924 1186 3982 πλείους
1209 3950 1244 3964 -
1270 3925 1319 3983 εἰς
1344 3922 1398 3976 τὸν

106 3994 279 4064 Ἑλικῶνα,
310 4004 355 4053 καὶ
371 4005 552 4069 κατηυλίσαντο
571 3999 743 4077 captitula
763 4003 924 4070 Μούσαις.
959 4026 985 4063 c.
1005 4008 1117 4072 XVlll.
1145 4010 1215 4075 ἄξιον
1233 4016 1259 4069 dl
1274 4013 1400 4085 Σαπφοῦς

112 4092 200 4164 παρὰ
218 4103 289 4155 ταῖς
305 4091 459 4154 Modoura
472 4097 654 4167 μνημονεῦσαι.

178 4226 206 4282 p.
224 4215 258 4275 2,
278 4216 302 4267 7.
338 4205 358 4264 ol
379 4214 530 4280 Φλαουῖανὶ]
551 4212 624 4269 Edd.
641 4225 708 4272 ante
727 4215 917 4289 Wyttenb.al
937 4224 1103 4280 Φλσυυσΐαιιὲ.

178 4342 207 4398 p.
226 4332 256 4392 2,
276 4330 303 4385 8.
335 4328 369 4383 τὰ
392 4326 517 4404 Ἐρωτικὰ
546 4336 686 4401 osonum]
737 4333 819 4406 Quae
851 4338 899 4393 hic
936 4349 1024 4394 vocat
1051 4316 1227 4397 Plutarchus
1258 4338 1396 4412 Ἐρωτικὰ,

113 4415 188 4470 sesto
220 4435 254 4473 oc
288 4420 459 4477 solennia
452 4441 483 4478 m
511 4422 632 4480 Amoris
670 4427 814 4484 honorem
840 4428 1077 4504 splendidissime
1107 4443 1137 4488 et
1165 4430 1397 4508 magnificentis-

113 4509 186 4563 sime
215 4526 231 4565 a
240 4510 490 4587 Thespiensihns
516 4525 602 4583 acta,
636 4517 714 4576 ludis
739 4521 860 4578 musicis
889 4541 924 4578 ac
944 4524 1092 4599 gymnicis
1125 4526 1204 4583 insto
1184 4529 1254 4604 „nia
1279 4537 1324 4595 tv.
1348 4528 1396 4584 in-

111 4601 157 4656 fra
190 4618 218 4660 c.
245 4601 308 4668 Il.)
353 4605 440 4681 vulgo
475 4607 721 4684 nuncupabantur
752 4610 895 4687 Ἐρωτίδια.
946 4615 1054 4676 Athen.
1084 4618 1167 4676 Xlll.
1216 4639 1248 4694 p
1276 4625 1329 4677 661
1360 4622 1402 4677 Ε..

114 4698 271 4763 θισιιιιῖς
297 4717 324 4752 τι
354 4695 391 4752 τὰ
416 4696 592 4772 Epusldao
617 4703 723 4776 ripales,
758 4705 881 4782 καθάπερ
903 4705 1039 4780 Admota
1049 4708 1197 4782 Αθηιιῖιιιι
1225 4717 1274 4764 aot
1286 4708 1384 4760 (11
1343 4723 1431 4771 ttx
