3036 4994
1386 148 1428 212 st.

123 303 223 378 Atque
241 320 279 358 ex
295 303 342 360 his
356 298 569 378 lihri'spetita,
590 302 623 359 ni
639 300 742 367 fallor,
762 309 831 358 sunt
848 318 899 368 ea,
915 318 992 377 quae
1009 301 1098 360 habet
1108 303 1246 363 clemens
1261 302 1426 365 Alexandr.

124 396 266 452 Stromat.
285 395 326 456 Il.
350 413 376 454 c.
395 400 440 454 00.
456 412 487 471 p.
507 400 566 455 trs.
585 400 682 466 (0110.)
700 397 768 453 vide
785 397 862 453 inira
880 395 918 454 ad
936 415 962 454 c.
980 397 1050 453 XII.
1069 418 1098 474 p.
1118 405 1167 458 111
1183 400 1256 467 E.')

195 503 396 560 DIOGENES
415 502 564 579 dialogum
580 507 702 580 scripsit
716 503 906 581 Ἐρωτικός,
925 510 1000 561 teste
1019 497 1109 583 Diog.
1123 507 1223 567 Laert.
1240 509 1301 580 vt,
1321 518 1363 579 12,
1382 517 1425 570 00.

127 596 304 673 Quanquam
332 598 499 654 Sosicrates
531 605 562 655 'et
595 597 722 672 Satyrus
762 599 923 676 quidquam
955 599 1100 673 scriptum
1129 602 1286 678 reliquisse
1313 602 1427 681 Dioge-

125 710 195 747 nem
219 701 347 767 negant,
383 686 483 746 tamen
509 688 616 748 Sotion
646 694 724 748 inter
753 710 787 748 ea
816 693 947 766 scripta,
986 710 1061 766 quae
1087 693 1151 766 jure
1174 692 1342 753 tribuantur
1368 699 1426 773 ipsi

126 785 269 861 Diogeni,
287 795 425 842 recenset
440 786 720 855 etiarn·E1·oticuiri‚
737 797 813 842 teste
834 786 939 842 eodem
955 785 1044 860 Diog.
1064 784 1170 840 Laert.
1188 784 1208 843 l.
1229 802 1257 843 c.

194 901 419 960 SPHODlllAS
439 903 570 974 Cynicus
589 905 711 978 scripsit
727 912 841 973 τέχνην
865 900 1038 978 ἐρωτικήν,
1064 913 1184 959 auctore
1201 904 1355 961 Athenaeo
1372 906 1423 964 IV.

127 1014 157 1070 p.
176 1001 226 1055 162
244 996 278 1052 Β.
1354 1030 1357 1035 -

192 1088 353 1148 CRITIAS
364 1131 371 1157 ,
382 1088 557 1163 ¹discipulus
575 1087 724 1155 Socratis,
753 1089 875 1162 scripsit
890 1093 963 1163 περὶ
979 1087 1105 1160 φύσεως
1121 1095 1241 1159 ἔρωτος
1255 1089 1273 1160 ἢ
1289 1091 1427 1162 doricas.

124 1181 305 1240 Titulum'et
322 1181 413 1239 breve
433 1182 631 1256 iragtnentum
650 1182 713 1254 ejus
729 1179 800 1237 libri
819 1179 907 1237 habet
922 1182 1027 1241 Galen.
1046 1183 1077 1238 iu
1092 1181 1228 1239 Glossar.
1248 1183 1425 1257 Hippocrat.

122 1293 151 1333 v.
170 1279 310 1346 Λυσανίης.
345 1275 381 1330 In
401 1273 550 1330 libris'ihi
574 1284 620 1329 est
642 1280 751 1343 Κριτίας
767 1281 792 1328 ir
811 1276 845 1343 τῷ
862 1280 919 1347 περὶ
935 1273 1033 1347 φύσεως
1049 1281 1140 1348 ίριιτος
1161 1274 1179 1346 ἢ
1199 1271 1302 1348 ἀρετῶν.
1336 1275 1428 1332 Recte

123 1387 196 1425 vero
224 1369 352 1438 Bachius
378 1369 410 1424 in
434 1367 553 1426 dissert.
581 1366 616 1422 de
643 1367 718 1426 Crit.
744 1387 774 1441 p.
798 1371 861 1427 103.
887 1369 943 1425 hoc
965 1366 982 1439 ἦ
1003 1369 1103 1442 ἐρῶτων
1126 1369 1337 1445 corrigendmn
1362 1387 1429 1425 esse

125 1461 212 1519 vidit.
258 1516 261 1523 ,
705 1519 708 1525 ,
752 1536 755 1539 Δ
808 1532 810 1537 Ι

190 1554 237 1610 De
253 1550 454 1626 PLATONIS
471 1549 573 1620 libris,
593 1549 700 1628 quibus
716 1552 751 1608 de
768 1570 869 1615 amore
881 1553 954 1628 egit,
974 1552 1022 1608 hic
1035 1551 1183 1609 disserere
1196 1563 1225 1608 et
1239 1553 1363 1629 longum
1381 1565 1428 1611 est

125 1657 156 1702 et
173 1647 287 1720 inutile.
320 1646 396 1703 Nam
421 1666 458 1701 ex
482 1646 540 1702 illis
562 1656 704 1721 tanquam
726 1645 887 1703 uberrimis
910 1647 1041 1702 fontibus
1065 1657 1094 1702 et
1116 1646 1333 1721 limpidissimis
1358 1667 1426 1704 cmn

123 1759 245 1807 omnes,
275 1741 327 1816 qui
342 1741 508 1814 posteriore
532 1750 664 1814 tempore
690 1741 830 1797 vixerunt
847 1740 980 1805 Erotici,
1006 1750 1069 1806 tum
1085 1742 1213 1796 maxime
1233 1741 1427 1807 Plutarchum

121 1835 154 1889 in
171 1845 277 1889 nostro
297 1831 375 1889 lihro
395 1833 551 1898 hausisse,
570 1850 632 1887 non
651 1843 711 1899 est,
731 1830 811 1907 quod
828 1832 928 1887 multis
948 1832 1081 1903 doceam.

188 1950 400 2008 PHILIPPUS
415 1951 576 2026 Opuntius,
590 1951 755 2026 discipulus
767 1951 913 2018 Platonis,
926 1951 1048 2023 scripsit
1063 1956 1137 2022 περὶ
1153 1957 1281 2022 ἔρωτος,
1299 1961 1428 2008 testante

121 2043 205 2101 Suid.
226 2064 251 2103 s.
270 2064 300 2104 v.
1394 2070 1397 2076 ·

188 2153 447 2210 HsRActlnss
464 2153 622 2218 Ponticus,
641 2151 801 2226 Speusippi
822 2149 1001 2225 discipulus,
1027 2149 1188 2206 secundum
1214 2149 1288 2207 alios
1307 2151 1427 2206 Aristo-

119 2246 203 2314 telis,
223 2248 360 2321 scripsit,
377 2256 454 2302 teste
472 2247 552 2320 Diog
575 2246 674 2301 Laert.
688 2246 731 2313 V,
750 2252 782 2312 6,
802 2254 846 2313 87,
870 2241 1049 2306 ΔἈκούσιος
1066 2242 1221 2316 ἐρωτικὸς
1238 2250 1282 2298 sal
1292 2248 1427 2312 Κλεινίας,

118 2332 156 2402 0,·
173 2350 203 2395 et
218 2345 292 2412 περὶ
306 2337 495 2412 Ἐρωτικῶν,
513 2350 587 2395 teste
604 2340 714 2396 Athen.
733 2338 817 2400 Xlll.
840 2358 870 2414 p.
886 2344 936 2397 000
955 2342 984 2396 Β.
1004 2357 1041 2392 ex
1058 2356 1132 2412 qno,
1151 2339 1331 2407 invidetur,
1350 2338 1426 2395 hau-

122 2442 227 2488 serunt
242 2431 359 2492 Aelian.
372 2431 443 2490 Var.
462 2432 541 2488 Hist.
555 2432 595 2493 Il.
614 2436 641 2492 1.
676 2431 828 2488 Plutarch.
847 2431 959 2487 Erotio.
980 2449 1007 2490 e.
1020 2431 1110 2489 XVl.
1129 2452 1161 2507 p.
1173 2438 1224 2490 760
1241 2432 1274 2492 C.
1294 2442 1323 2488 et
1340 2429 1424 2491 Suid.

122 2546 148 2585 s.
166 2525 285 2596 Ἀντέρως
304 2527 336 2582 in
355 2524 479 2581 articulo
496 2528 674 2600 posteriore.
712 2526 784 2584 Vide
801 2523 920 2586 Jacobs.
940 2524 1149 2582 Animadvers.
1168 2527 1200 2581 in
1218 2525 1338 2581 Anthol.
1356 2523 1426 2588 vot.

120 2618 176 2678 Ill.
197 2619 230 2678 P.
250 2618 298 2677 11.
315 2638 344 2692 p.
360 2621 404 2676 05.

188 2716 473 2785 ARISTOTELES
500 2718 637 2802 scripsit,
667 2738 808 2783 narrante
833 2728 922 2805 Diog'.
948 2728 1049 2786 Laert.
1076 2728 1119 2794 V,
1146 2733 1194 2795 tt.
1224 2733 1276 2795 11,
1315 2726 1425 2788 Θέσεις

120 2825 289 2895 ἐρωτικαὶ,
313 2830 441 2893 τέσσαρες.
481 2827 565 2882 θέσεις
582 2825 696 2892 φιλικαὶ,
722 2819 754 2890 ’β
779 2832 808 2877 et
831 2821 935 2879 eodem
958 2832 1079 2878 auctore
1098 2820 1145 2886 V,
1171 2827 1218 2888 12,
1244 2826 1289 2878 02.
1330 2816 1424 2890 Ἐρω-

119 2914 223 2983 τικός,
248 2912 275 2974 d.
311 2914 477 2973 Secundum
502 2912 612 2969 librum
638 2914 810 2971 Aristotelis
831 2914 1009 2988 Ἐρωτικῶν
1033 2913 1133 2970 laudat
1156 2911 1266 2967 Athen.
1286 2907 1358 2964 XV.
1391 2925 1421 2981 p.

120 3010 171 3065 671
191 3008 223 3064 tt.
247 3016 277 3063 et
300 3007 426 3081 proinde
450 3006 527 3081 apud
548 3005 637 3079 Diog.
664 3005 767 3062 Laert.
804 3006 844 3064 Js.
867 3004 993 3064 Casauh.
1016 3007 1075 3080 legi
1099 3005 1161 3062 vult
1176 3000 1315 3077 Ἐρωτικῶν
1332 2999 1366 3068 ά,
1384 2997 1420 3072 ’β.

121 3099 209 3172 Quod
232 3118 338 3157 vereor
354 3110 386 3154 ut
402 3109 483 3154 recte
509 3100 548 3154 sit
571 3099 689 3157 factum.
725 3099 802 3155 Nam
822 3109 901 3154 certe
922 3101 953 3154 in
979 3101 1039 3154 vita
1059 3097 1232 3154 Aristotelis
1255 3114 1306 3163 ea,
1334 3112 1422 3169 quarn
1509 3098 1514 3107 ’

120 3193 352 3247 communicavit
373 3191 495 3263 Menag.
510 3190 672 3248 comment.
700 3190 737 3250 T.
756 3191 795 3246 11.
821 3201 940 3264 praeter
953 3187 1108 3262 Ἐρωτικός,
1134 3188 1162 3250 i.
1182 3209 1211 3264 p.
1229 3194 1289 3248 201.
1309 3204 1422 3244 memo-

118 3293 227 3342 rantur
250 3303 278 3357 p.
298 3288 359 3340 ²02.
392 3281 580 3355 Ἐρωτικῶν,
606 3283 637 3347 ς’.
664 3284 725 3354 (ib.
745 3304 775 3360 p.
793 3292 851 3343 001.
871 3285 1030 3340 laudantur·
1047 3285 1136 3340 etiam
1157 3291 1242 3347 θέσεις
1264 3289 1421 3354 commoti

119 3381 239 3452 βιβλίοις,
263 3375 296 3431 d.
336 3382 420 3437 θέσεις
439 3381 537 3447 φιλικαὶ
556 3385 581 3432 ir
601 3384 725 3449 βιβλίοις,
748 3378 807 3449 β’.)
851 3378 918 3450 Quo
937 3378 1107 3433 testimonio
1136 3395 1276 3434 corruere
1302 3375 1420 3432 videtur

120 3471 293 3542 conjectura
307 3466 484 3525 casauboni.
521 3469 586 3526 Jam
603 3490 640 3526 ex
657 3473 703 3526 his
716 3471 887 3527 Aristotelis
902 3470 937 3526 de
953 3488 1052 3525 amore
1064 3468 1149 3526 libris
1164 3488 1256 3526 emea
1273 3469 1419 3525 sententia

121 3581 183 3620 non
204 3561 299 3617 solum
320 3579 372 3627 ea,
399 3579 473 3636 quae
492 3563 569 3636 apud
584 3564 693 3622 Athen.
712 3563 797 3621 XIll.
830 3582 860 3638 p.
878 3565 929 3622 561
951 3561 985 3618 Β.
1004 3573 1033 3618 et
1050 3565 1101 3621 556
1120 3564 1159 3622 l).
1182 3562 1335 3637 leguntur,
1366 3557 1418 3615 sed

118 3656 208 3711 etiam
225 3673 299 3731 quae
318 3655 494 3711 Plutarchus
511 3656 542 3710 in
561 3655 674 3713 Erotio.
693 3673 719 3714 c.
733 3654 836 3712 XVII.
864 3674 895 3729 p.
907 3658 956 3712 761
975 3656 1013 3714 Α.
1032 3667 1060 3712 et
1079 3653 1120 3711 ih.
1139 3674 1168 3730 p.
1183 3661 1231 3715 701
1251 3653 1288 3711 E.
1305 3669 1417 3707 memo-

117 3750 182 3805 riae
199 3746 332 3824 prodidit
347 3748 428 3816 (coll.
448 3748 524 3806 Plut.
544 3749 597 3804 vit.
615 3748 748 3822 Pelopid.
769 3766 797 3806 c.
814 3751 870 3815 ta.)
888 3759 918 3804 et
937 3760 1091 3824 praeterea
1107 3765 1182 3824 quae
1200 3744 1242 3802 ihi
1261 3745 1417 3819 disputan-

116 3851 168 3899 tur
185 3859 212 3900 c.
231 3840 319 3901 XVI.
342 3860 375 3916 p.
391 3844 442 3898 758
459 3841 497 3899 D.
517 3839 584 3898 coll.
603 3840 692 3914 Diog.
711 3839 810 3897 Laeit.
824 3841 872 3908 V,
889 3848 938 3910 1³,
955 3849 999 3901 st.
1018 3843 1109 3917 petita
1128 3848 1207 3896 sunt.

185 3958 512 4017 THEOPHRASTUS
531 3961 653 4035 scripsit
669 3959 898 4033 Προβλήματα
916 3962 1048 4027 πολιτικὰ,
1076 3956 1175 4030 ἠθικὰ,
1200 3952 1310 4028 φυσικὰ,
1339 3958 1415 4026 ipo·
1484 3964 1487 3969 “

116 4051 206 4118 saud,
225 4049 252 4108 ti.
278 4071 307 4111 v.
325 4052 412 4128 Diog.
431 4052 536 4108 Laert.
560 4052 605 4120 V,
628 4059 677 4119 13,
703 4054 748 4110 07.
775 4065 805 4109 et
826 4053 1019 4128 Ἐρωτικός,
1036 4054 1063 4109 ἆ.
1087 4051 1127 4111 ih.
1153 4052 1203 4119 V,
1231 4052 1281 4116 13,
1300 4051 1344 4106 03.
1363 4045 1415 4101 ubl

117 4144 234 4202 additur
257 4145 332 4202 Ἄλλο
358 4153 417 4221 περὶ
439 4154 546 4220 ἔρωτος,
576 4145 603 4203 οἱ.
658 4148 858 4223 Theophrasti
885 4149 1041 4206 Eroticum
1064 4144 1165 4203 laudat
1192 4144 1302 4202 Athen.
1330 4141 1422 4205 xm.

135 4318 165 4386 0)
183 4325 319 4374 Consimilis
330 4327 464 4388 argumenti
470 4328 574 4376 fortasse
586 4335 639 4374 erat
650 4327 711 4374 liber
721 4329 773 4390 ille,
788 4342 858 4390 quem
868 4334 987 4376 memorat
995 4326 1158 4387 Diog.l.aert.
1171 4323 1216 4383 Vl,
1224 4324 1267 4371 ts.
1284 4317 1381 4389 Κύριος
1395 4313 1414 4387 ἦ

183 4413 321 4486 ἱροίμινος,
338 4424 413 4470 modo
429 4423 520 4470 scribas
537 4415 643 4490 Κύρνος
660 4413 677 4486 ἢ
695 4415 825 4490 epipam.
862 4420 925 4468 Vlde
941 4419 1044 4468 Photlm
1060 4435 1086 4480 p.
1107 4420 1170 4478 101,
1186 4412 1228 4467 2'2.
1262 4414 1414 4487 deroqt

183 4505 476 4580 1ρῶμενοςθεὸγνιδος·
511 4508 659 4572 Μακεδόνες
683 4515 710 4565 st
738 4514 799 4574 τοὺς
823 4516 941 4571 σκοτίους
965 4507 1073 4576 adoreae
1096 4508 1221 4566 καλοῦσιν.
1246 4513 1358 4573 ο11.111,
1378 4515 1407 4558 10

180 4607 246 4675 Περὶ
269 4598 417 4672 θεόγνιδος,
433 4611 569 4677 τέταρτος,
587 4611 709 4674 πέμπτος,

110 4730 206 4784 rtur.
242 4725 265 4780 Ι.
1096 4712 1117 4777 t
