3036 4994
164 238 203 301 66
636 223 736 293 ΠΛΟ
746 223 967 292 ΥΤΑΡΧΟΥ

165 397 220 459 καί
248 390 462 475 συγγίνεσθαι
493 390 548 451 καὶ
576 387 751 450 κυεῖσθαι·
788 389 845 451 καὶ
872 387 933 468 γήν
960 387 995 452 δέ
1020 384 1206 476 ἀνθρώπων
1232 390 1354 476 μητέρα
1384 389 1443 451 καὶ

163 496 250 576 ζώων
266 500 323 561 καὶ
346 496 454 581 φυτῶν
474 487 624 555 ἁπάντων
640 490 780 574 γένεσιν,
800 487 858 556 οῦκ
877 489 1057 576 ἀναγκαῖον
1076 490 1265 557 ἀπολέσθαι
1282 497 1360 557 ποτέ
1379 493 1440 556 καὶ

114 600 138 656 Β
165 601 351 684 σβεσθῆναι
377 593 601 672 παντάπασιν,
632 587 713 658 ὅταν
736 591 755 657 ό
775 594 879 671 δεινός
893 593 998 683 Ἔρως
1019 589 1169 681 ἢίμερος
1194 596 1252 660 τοῦ
1272 596 1358 658 θεοῦ
1378 594 1440 672 τήν

163 699 242 782 ῦλην
259 700 418 792 ἀπολίπῃ,
438 701 493 763 καὶ
508 694 671 776 παύσηται
688 698 847 762 ποθοῦσα
866 702 923 765 καλ
940 697 1101 764 διώκουσα
1118 701 1176 779 τήν
1194 699 1321 763 ἐκεῖθεν
1336 694 1441 781 ἀργήν

163 811 219 873 καῖ
244 805 389 885 κίνησιν,·
408 800 493 867 Ἀλλ’
521 795 577 865 ἵνα
600 800 645 883 μή
668 801 798 887 μακράν
817 800 1079 868 ἀποπλανᾶσθαι
1106 802 1250 885 δοκῶμεν
1274 797 1296 879 ἢ
1319 801 1441 882 κομιδή

164 911 336 999 φλυαρεῖν,
368 894 474 971 οἶσθα
500 903 575 978 τοῦς
599 904 767 980 παιδικοῦς
782 902 929 990 ’Ἑρωτος
955 903 995 982 ῶς
1018 901 1063 982 εἰς
1090 902 1308 988 ἀβεβαιότητα
1332 902 1441 967 πολλά

163 1015 290 1097 λέγουσι
315 1014 371 1076 καί
397 1006 577 1074 σκώπτουσι
598 1009 759 1090 λέγοντες,
785 1004 890 1095 ὥσπερ
917 1008 980 1073 ἀόν
1005 1006 1108 1072 αὐτῶν
1129 1011 1212 1093 τριχὶ
1232 1006 1442 1092 διαιρεῖσθαι

163 1115 222 1192 τήν
240 1111 372 1201 φιλίαν,
398 1109 514 1186 αάτοῦς
535 1111 571 1175 δέ
592 1108 744 1194 νομάδων
766 1110 859 1191 δίκην
880 1111 1100 1197 ἐνεαρίζοντας
1117 1113 1185 1186 τοῖς
1203 1107 1363 1190 τεθηλόσι
1381 1112 1442 1174 καὶ

165 1215 347 1302 ἀνθηροῖς,
371 1213 471 1291 εῦθῦς
492 1215 525 1279 ἐκ
545 1215 601 1294 τής
621 1214 777 1298 πολεμίας
801 1212 1140 1302 ἀναστρατοπεδεύειν·
1171 1211 1266 1278 ἔτιδὲ
1282 1209 1444 1299 φορτικῶ-

164 1341 258 1405 τερον
278 1319 296 1384 ὁ
315 1317 471 1407 σοφιστής
494 1316 582 1381 Βίων
603 1316 661 1393 τάς
687 1319 750 1380 τῶν
774 1319 881 1383 καλῶν
911 1318 1022 1405 τρίχας
1037 1316 1230 1405 Ἁρμοδίους
1254 1314 1357 1381 ἐκάλει
1384 1318 1443 1381 καί

115 1427 138 1485 C
162 1420 450 1507 Ἀριστογείτονας,
470 1418 512 1494 ῶς
529 1415 599 1501 ἅμα
620 1420 721 1495 καλῆς
739 1418 928 1504 τυραννίδος
949 1419 1251 1503 ἀπαλλαττομένους
1266 1416 1318 1482 ὑπ’
1336 1417 1444 1482 αὐτῶν

164 1526 238 1598 τοῦς
249 1520 394 1607 ἐραστάς.
417 1522 526 1585 Ταῦτα
542 1525 601 1601 μέν
616 1515 653 1582 οῦ
671 1518 801 1594 δικαίως
816 1524 1042 1604 κατηγορεῖται
1055 1524 1119 1583 τῶν
1133 1520 1273 1602 γνησίων
1290 1521 1445 1604 ἐραστῶν.

168 1624 218 1686 Τά
240 1623 276 1687 δέ
298 1621 362 1686 ὑπὸ
382 1619 558 1706 Εὐριπίδου
580 1619 726 1709 ῥηθέντα
751 1620 818 1684 ἐστὶ
842 1621 972 1710 κομψά·
1004 1619 1070 1708 ἔφη
1092 1622 1155 1707 γάρ
1180 1621 1358 1705 Ἀγάθωνα
1384 1624 1444 1687 τὸν

166 1723 268 1788 καλόν
289 1722 353 1803 ήδη
372 1725 540 1806 γενειῶντα
559 1722 759 1808 περιβάλλων
779 1727 834 1787 καὶ
855 1722 1154 1805 κατασπαζόμενος,
1178 1720 1229 1788 ότι
1251 1729 1313 1789 τῶν
1334 1728 1444 1790 καλῶν

166 1830 222 1889 καὶ
248 1824 285 1891 τό
308 1825 495 1912 μετόπωρον
515 1827 625 1903 καλὸν.
662 1824 840 1910 Ἐκδέχεται
866 1825 934 1890 οῦδ
963 1826 997 1890 ἐν
1017 1827 1159 1910 γηρῶσιν
1179 1825 1443 1909 ἀναπαυόμενος,

166 1925 269 2011 μόνον
288 1925 348 1994 οῦκ
367 1929 400 1994 ἐν
421 1931 549 2006 πολιαῖς
566 1930 715 2011 ἀκμάζων
736 1933 792 1995 καὶ
814 1928 951 2018 ῥυτίσιν,
971 1928 1037 1995 ἀλλ’
1059 1928 1133 2014 άχρι
1149 1927 1264 2016 τάφων
1283 1936 1340 1994 καὶ
1359 1954 1443 2014 μνη-

167 2030 277 2115 μάτων
293 2034 484 2118 παραμένει·
504 2015 558 2098 καί
579 2033 727 2117 συζυγίας
742 2031 852 2115 ὀλίγας
871 2035 938 2099 ἐστὶ
955 2034 1125 2112 παιδικῶν,
1144 2034 1261 2119 μυρίας
1279 2034 1314 2097 δέ
1329 2056 1443 2116 γυναι-

168 2136 261 2201 κείων
278 2136 401 2228 ἐράτων
416 2136 754 2222 καταριθμήσασθαι,
773 2136 880 2218 πάσης
896 2138 1030 2214 πίστεως
1048 2136 1218 2202 κοινωνίαν
1238 2140 1356 2212 πιστῶς
1372 2132 1444 2220 ἅμα

120 2243 146 2298 Ι]
170 2245 227 2306 καὶ
246 2240 425 2330 προθύμως
444 2241 734 2329 συνδιαφερούσας·
757 2240 920 2326 βούλομαι
941 2242 968 2306 δ’
994 2242 1028 2307 ἕν
1051 2264 1082 2305 τι
1102 2243 1164 2305 τῶν
1183 2237 1261 2304 καθ’
1288 2241 1371 2322 ημάς
1390 2240 1445 2303 ἐπὶ

169 2345 341 2430 Καίσαρος
367 2341 610 2415 Οὐεσπασιανοῦ
628 2343 804 2428 γεγονότων
827 2346 978 2432 διελθεῖν.

246 2467 301 2535 κε’.
337 2467 471 2545 Ἰούλιος
492 2470 575 2553 γάρ,
605 2467 622 2532 ό
645 2469 703 2547 τήν
723 2471 757 2533 ἐν
774 2468 926 2559 Γαλατία
945 2469 1079 2549 κινήσας
1098 2469 1297 2547 ἀπόστασιν,
1328 2469 1446 2542 ἀλλους

170 2597 204 2637 τε
222 2571 372 2648 πολλοῦς,
401 2569 443 2646 ὡς
462 2567 560 2647 εἰκός,
588 2568 660 2652 ἔσχε
680 2570 866 2647 κοινωνοῦς,
895 2576 952 2635 καὶ
972 2573 1134 2654 Σαβῖνον,
1165 2573 1271 2661 ἀνδρα
1292 2577 1366 2637 νέου
1388 2572 1448 2636 οῦκ

172 2675 304 2759 ἀγεννῆ,
323 2673 448 2760 πλούτῳ
469 2674 503 2737 δέ
522 2677 578 2738 καὶ
597 2670 673 2759 δόξῃ
693 2669 878 2755 ἀνθρώπων
895 2673 1025 2736 πάντων
1042 2674 1307 2761 ἐπιφανέστατον.
1342 2674 1449 2762 Ἀφά-

171 2801 263 2862 γιενοι
280 2780 315 2844 δὲ
333 2774 528 2861 πραγμάτων
544 2772 688 2856 μεγάλων
702 2770 910 2858 ἐσφάλησαν,
931 2777 989 2839 καὶ
1003 2773 1097 2856 δίκην
1110 2775 1223 2840 δώσειν
1236 2778 1445 2863 προσδοκῶν-

172 2908 238 2962 τες,
257 2883 289 2946 οἱ
307 2886 366 2967 μὲν
382 2876 496 2954 αὑτοὺς
513 2873 666 2965 ἀνῄρουν,
687 2877 718 2938 οἱ
733 2874 769 2938 δέ
786 2873 955 2961 φεύγοντες
973 2876 1152 2957 ἡλίσκοντο.
1191 2880 1244 2968 Τῷ
1262 2881 1297 2943 δέ
1313 2877 1448 2966 Σαβίνῳ

79 2982 83 2990 ’
172 2987 212 3050 τά
235 2991 293 3068 μέν
316 2984 399 3049 ἀλλα
419 2979 593 3067 πράγματα
616 2974 738 3066 ῥᾳδίως
754 2981 904 3067 παρεῖχεν
925 2979 1067 3044 ἐκποδῶν
1086 2981 1243 3061 γενέσθαι
1266 2985 1323 3046 καὶ
1346 3004 1450 3045 κατα-

136 3102 148 3156 t
175 3095 287 3175 φυγεῖν
307 3082 352 3161 εἰς
369 3092 443 3160 τους
461 3079 664 3168 βαρβάρους·
685 3068 725 3159 ήν
744 3081 778 3144 δέ
795 3084 932 3164 γυναῖκα
947 3085 1060 3147 πασῶν
1079 3081 1214 3169 ἀρίστην
1233 3082 1385 3168 ἠγμένος,
1407 3081 1450 3163 ἣν

175 3193 240 3254 ἐκεῖ
257 3195 317 3273 μέν
333 3186 496 3269 Ἐμπονήν
515 3182 665 3259 ἐκάλουν,
685 3180 866 3261 Ἑλληνιστὶ
890 3183 917 3246 δ’
938 3182 979 3248 ἀν
998 3207 1046 3260 τις
1059 3184 1204 3273 Ἡρωίδα
1226 3186 1451 3273 προσαγορεῦ-

176 3310 276 3357 οειεν·
295 3287 336 3371 ήν
353 3288 424 3354 οῦτε
442 3288 609 3353 ἀπολιπεῖν
627 3285 762 3361 δυνατός
780 3275 835 3366 ήν,
856 3286 927 3352 οῦτε
942 3286 1020 3371 μεθ’
1041 3287 1155 3354 ἐαυτοῦ
1172 3289 1323 3372 κομίζειν.
1346 3289 1451 3374 ’Ὲγων

178 3385 235 3460 οῦν
255 3391 323 3459 κατ’
345 3390 446 3480 ἀγρὸν
465 3387 640 3470 ἀποθήκας
660 3388 831 3475 χρημάτων
853 3388 989 3478 ὀρυκτὰς
1007 3389 1186 3475 ὑπογείους,
1213 3388 1252 3469 ἀς
1274 3391 1331 3458 δῦο
1351 3393 1450 3477 μόνοι

176 3501 240 3562 τῶν
262 3496 487 3582 ἀπελευθέρων
507 3493 715 3584 σννήδεισαν,
735 3493 809 3570 τοῦς
828 3499 887 3578 μὲν
908 3493 1025 3571 ἀλλους
1043 3493 1224 3576 ἀπήλλαξεν
1249 3493 1385 3574 οἰκέτας,
1407 3495 1450 3573 ῶς

176 3603 301 3682 μέλλων
323 3597 509 3687 φαρμάκοις
529 3595 673 3682 ἀναιρεῖν
696 3596 823 3678 ἐαυτὸν,
845 3596 902 3663 δίο
927 3600 961 3664 δέ
979 3598 1110 3676 πιστοῦς
1128 3600 1328 3685 παραλαβὼν
1345 3602 1390 3676 είς
1409 3601 1450 3664 τά

179 3856 216 3914 Α.
234 3864 260 3915 8.
296 3856 470 3926 συγγίνεσθαι]
489 3853 522 3910 Ε.
558 3852 653 3926 Vulgo
667 3857 839 3922 συγγενέσθαι.

180 3948 213 4004 Γ).
236 3954 263 4011 ,3.
298 3951 400 4017 ιλαγσιν]
421 3943 573 4018 Wyttenb.
593 3963 658 4000 cum
675 3944 751 4000 Mez.
769 3943 879 4000 mavult
895 3941 989 4012 κίνησιν.

182 4043 213 4097 Β.
235 4049 262 4100 4.
295 4039 328 4104 ὡς
348 4046 382 4102 εἷς
395 4035 571 4111 ἀβεβαιότητα]
596 4036 780 4109 eWyttenb.
802 4038 976 4110 conjectura.
1013 4035 1107 4111 Vulgo
1125 4032 1158 4098 ῶς
1177 4034 1352 4107 ἀβεβαιότατα.

180 4135 213 4192 Β.
238 4139 263 4192 5.
297 4139 363 4204 τριχὶ
380 4135 543 4205 διαιρεῖσθαι]
562 4131 637 4187 Mez.
656 4131 855 4188 RuhnlteniuS.
890 4130 985 4204 Vulgo
1003 4129 1074 4203 τριχή
1092 4137 1230 4201 αἱρεῖσθαι.

180 4231 213 4311 Β.
237 4230 262 4282 7.
297 4233 334 4281 λιι
345 4228 386 4308 δὲ]
403 4232 456 4281 ἐπεὶ
473 4231 498 4280 tt
515 4225 576 4284 BE.
594 4225 660 4283 Alt.
679 4229 746 4284 Bas.

182 4320 213 4376 C.
239 4325 264 4376 l.
299 4319 364 4392 ἅμα]
382 4321 519 4377 Fortasse
538 4319 700 4377 addendum
716 4317 948 4389 ἀπαλλαττομάωι.

183 4413 214 4470 C.
241 4420 265 4471 3.
300 4411 360 4480 ῦπὸ]
380 4411 440 4486 ὑπὲρ
459 4413 604 4471 ΒΕ.Αίλί.
622 4413 690 4471 BaS.

184 4505 215 4561 C.
241 4513 267 4563 5.
302 4507 389 4571 καλόν]
409 4509 489 4563 deest
506 4509 536 4563 in
554 4507 614 4564 BE.
633 4504 699 4562 Ald.
719 4505 787 4565 Βεε.

184 4599 215 4655 C.
240 4596 279 4655 ib.
297 4592 433 4670 ἐκδέχεται]
452 4601 561 4673 majore
576 4599 811 4675 interpunctione
823 4597 915 4655 incidi
931 4608 997 4656 aute
1009 4599 1140 4665 ἐκδέχεται.
1175 4593 1293 4652 Excidit
1310 4594 1404 4659 enim,
1422 4595 1453 4649 ni

320 4693 427 4762 ἀελίου,
446 4691 525 4769 Ἐρως
543 4698 578 4752 δέ.
