3036 4994
572 201 820 271 eruamur.
1304 209 1344 276 n
1453 180 1458 197 '
1495 246 1498 253 ·

56 389 121 448 qno
142 366 243 432 urinus
263 365 518 449 proficiscantur,
537 379 572 432 ut
591 390 608 432 a
628 365 735 450 pueris
753 379 785 431 et
804 364 1059 444 adolescentulis,
1083 366 1126 433 ita
1145 380 1178 434 et
1197 391 1214 434 a
1235 370 1345 435 mulie·

55 472 160 549 ribus,
189 477 315 554 quando
340 471 463 537 indoles
490 485 575 536 casta
598 485 630 537 et
649 477 790 537 modesta
809 470 841 534 in
861 484 962 535 aetate
981 473 1113 537 florente
1134 486 1165 539 et
1184 489 1346 541 venustate

54 577 186 641 formae
206 575 375 641 elucescit?
405 582 564 661 quomodo
585 590 703 641 rectum
730 577 867 640 calceum
887 576 976 657 pedis
996 576 1234 657 pulcritudinem
1256 603 1347 645 mou·

55 691 156 744 strare
181 680 260 745 dixit
285 681 420 747 Aristo:
452 705 521 745 cunr
548 682 580 746 in
606 682 710 747 forma
736 684 868 745 honesta
895 693 927 744 et
954 703 1091 764 corpore
1112 706 1194 766 puro
1214 685 1348 772 vestigia

57 786 174 849 animae
200 797 302 850 erecta
330 786 527 870 conspiciunt
552 786 591 862 ii,
621 786 677 871 qui
700 786 817 850 isthaec
842 786 1090 851 animadvertere
1108 789 1233 855 callent.
1273 792 1348 855 Nou

58 891 139 955 euim
162 891 355 974 voluptatum
376 891 499 977 quidem
520 892 692 969 studiosus,
711 891 941 971 iuterrogatus,
963 902 1066 954 utrum

289 1017 356 1086 Aa
373 1017 542 1086 mulieres
562 1015 719 1096 inclinet,
738 1029 802 1084 aut
817 1017 940 1110 potius
959 995 1101 1106 nearei,

58 1169 128 1214 cum
148 1150 372 1231 responderet:

291 1275 338 1359 In
355 1287 503 1364 partem
522 1287 715 1366 utramque
729 1271 960 1360 pulchritudo
979 1296 1037 1343 me
1054 1286 1188 1343 mouet:

58 1404 219 1469 videbitur
237 1403 460 1469 convenienter
479 1426 552 1468 suae
567 1403 729 1486 cupiditati
742 1403 940 1485 respondisse
950 1425 967 1467 ε·
981 1418 1103 1470 amator
1116 1416 1217 1468 autem
1230 1404 1353 1470 formae

60 1522 92 1572 et
113 1532 284 1592 generosus
305 1513 512 1572 membrorum
533 1507 728 1583 discrimine,
748 1530 812 1573 non
832 1507 1062 1589 pulchritudine
1083 1523 1113 1574 et
1133 1508 1257 1586 indole,
1274 1523 1354 1574 ¹suos

61 1635 184 1678 amores
206 1613 428 1684 moderabitur.
468 1616 549 1677 Sane
575 1635 728 1699 equorum
755 1613 913 1677 studiosus
939 1636 1002 1677 non
1026 1613 1125 1677 miuus
1151 1615 1355 1697 atupleetetur

52 1716 204 1800 'Podargi
239 1717 450 1795 celeritatem,
484 1740 574 1803 quam
610 1718 744 1783 Aetham
779 1718 1091 1801 Agamemnoncam:
1133 1717 1355 1803 venationique

60 1820 179 1885 deditus
200 1844 261 1885 noo
282 1821 426 1887 masculis
446 1835 562 1887 tantum
584 1822 713 1886 canibus
734 1825 865 1904 gaudet,
885 1826 940 1886 sed
959 1821 1050 1888 etiam
1069 1821 1236 1888 Cretenses
1257 1828 1354 1905 Spar·

59 1939 215 2010 troasque,
236 1926 393 1991 caniculas
420 1926 494 1992 alit:
524 1926 764 2010 pulchritudiuis
791 1948 869 1991 vero
896 1938 927 1990 et
951 1927 1148 2001 humanitatis
1167 1949 1270 1990 amans
1291 1949 1356 1992 non

61 2031 122 2097 erit
137 2031 218 2096 idem
235 2036 385 2096 adversus
399 2037 528 2096 eundem
543 2053 670 2107 sexum,
689 2033 744 2095 sed
757 2042 903 2114 tanquam
919 2031 1050 2095 vestium
1065 2030 1230 2094 discrimen
1244 2042 1358 2094 statuet

60 2119 244 2208 intereos?
270 2137 373 2221 Atqui
391 2132 525 2200 fusuram
554 2134 680 2199 virtutis
701 2156 767 2198 esse
787 2136 898 2199 florem
919 2133 1039 2198 dieunt.
1079 2135 1258 2197 Absurdnm
1280 2155 1358 2199 vero

63 2243 180 2312 dictum
209 2254 272 2320 est,
305 2241 450 2305 mulieres
480 2263 542 2305 nou
569 2242 701 2316 florere,
730 2260 831 2323 neque
856 2237 993 2303 indolem
1020 2241 1059 2303 ad
1082 2238 1230 2307 uirtutem
1256 2250 1358 2321 aptam

66 2350 245 2412 ostendere.
285 2347 384 2410 Recte
405 2344 529 2428 quidem
549 2346 726 2426 Aeschylus
745 2343 893 2428 scripsitz

299 2471 483 2559 Flnqrans
502 2470 667 2570 mulieris
685 2471 806 2540 oculus
825 2469 1109 2540 adolescentulae
1155 2503 1158 2512 v

198 2580 199 2585 ’
298 2576 364 2644 Mc
383 2579 591 2665 neutiquam
611 2574 750 2664 latebit,
773 2587 948 2668 expertae
967 2577 1097 2645 uirum.

67 2711 159 2793 Ergo
180 2708 335 2773 informa
361 2705 499 2770 mulieris
520 2705 638 2791 ingenii
656 2704 818 2789 procacis,
846 2705 997 2789 impudici
1020 2719 1052 2771 et
1078 2706 1222 2789 corrupti
1245 2706 1359 2772 indicia

65 2825 205 2890 exstant,
232 2813 364 2879 modesti
390 2825 421 2877 et
446 2811 552 2895 pudici
571 2812 687 2877 nullum
708 2810 810 2874 lumen
831 2811 1018 2898 effulgebit?
1047 2825 1099 2876 aut
1120 2812 1214 2875 multa
1235 2810 1359 2892 quidem

40 2919 207 2993 inerunt,
237 2934 290 2984 aut
316 2920 525 3000 apparebunt,
555 2915 671 2980 nullum
698 2929 800 2978 tamen
828 2914 969 2978 movebit
993 2928 1024 2978 et
1052 2936 1189 2977 amorem
1220 2912 1361 2976 alliciet?

66 3026 219 3088 Neutrum
239 3024 387 3106 profecto
401 3010 520 3086 horum,
535 3018 661 3083 veritati
680 3031 711 3082 et
731 3017 847 3081 rationi
864 3019 1024 3102 congruit.
1065 3019 1127 3080 Sed
1142 3017 1361 3092 communiter,

65 3128 147 3192 sieut
173 3133 416 3193 demonstratum
445 3140 492 3191 est
515 3125 554 3189 iis
573 3129 605 3190 in
625 3136 760 3204 utroque
780 3122 1013 3186 inhaerentibus
1033 3143 1130 3198 sexu,
1146 3121 1258 3186 ¹veluti
1277 3121 1362 3185 inani

67 3245 222 3299 exstante.
242 3237 287 3309 .†
309 3234 338 3296 Ο
360 3233 545 3312 Daphnem,
566 3230 635 3296 illas
648 3229 863 3316 impugnemus
878 3225 1033 3303 rationes,
1055 3249 1131 3310 quas
1145 3233 1240 3292 modo
1255 3227 1363 3292 retulit

69 3336 271 3420 Zeuxippus,
301 3357 438 3403 amorem
458 3335 539 3400 idem
558 3335 676 3400 faciens
697 3357 766 3398 cum
787 3331 993 3413 incomposita
1014 3331 1202 3412 cupiditate,
1230 3345 1262 3397 et
1281 3353 1362 3416 quae

69 3442 202 3510 animum
230 3446 269 3505 ad
293 3441 452 3505 lasciviam
478 3440 633 3523 impellat:
663 3462 726 3504 noo
748 3441 834 3522 quod
853 3436 895 3500 ita
917 3435 1044 3502 sentiret
1064 3438 1150 3518 ipse,
1179 3442 1234 3503 sed
1253 3459 1362 3520 saepe·

70 3567 201 3613 numero
222 3529 356 3608 audisset
376 3567 521 3611 morosos
541 3560 572 3610 et
600 3543 715 3609 amoris
740 3546 833 3607 rudes
856 3540 966 3605 viros:
997 3564 1130 3627 quorum
1151 3543 1209 3606 -alii
1234 3543 1363 3608 miseras

69 3651 270 3719 mulierculas
296 3673 366 3713 eum
393 3653 466 3735 dote
492 3662 639 3713 attractas
666 3673 736 3712 cum
759 3647 790 3713 io
814 3645 861 3712 rei
883 3645 1046 3710 familiaris
1066 3647 1363 3713 administrationem
1413 3687 1416 3694 -

72 3769 103 3822 et
122 3753 378 3821 ratiocinationes
408 3754 577 3819 illiberales
600 3752 819 3837 conjecerunt,
848 3750 988 3837 quotidie
1014 3775 1085 3817 cum
1112 3751 1151 3816 iis
1177 3751 1361 3834 delitiganta

71 3861 127 3935 elii
139 3883 255 3944 pueros
269 3859 392 3942 potius,
407 3882 499 3946 quam
513 3859 673 3935 mulieres,
687 3870 857 3935 sectantes,
875 3859 1035 3940 quomodo
1049 3856 1176 3922 cicadae
1189 3856 1221 3922 io
1234 3856 1366 3934 scillam,

72 3981 126 4032 aut
151 3965 234 4029 alind
260 3965 339 4043 tale,
365 3988 453 4032 suum
473 3987 576 4030 semen
597 3963 767 4041 dimittunt,
796 3963 839 4028 ita
868 3962 1012 4029 celeriter
1038 3962 1168 4030 libidine
1188 3972 1365 4030 exsaturata
1400 4041 1403 4045 Ι
1471 3944 1473 3957 .

77 4216 110 4276 C.
136 4224 161 4279 1.
195 4213 322 4286 ἤπολλὰ]
343 4213 362 4286 ἢ
379 4214 479 4280 addidi
497 4233 564 4277 cum
581 4215 658 4272 Mez.
677 4227 706 4272 et
722 4214 821 4273 Reislt.

79 4310 112 4366 o.
134 4317 161 4370 4.
196 4309 278 4383 ὥσπερ
297 4310 398 4376 κοινοῦ]
422 4327 519 4365 emea
537 4311 716 4380 coniectura.
750 4307 847 4384 Vulgo
872 4305 953 4383 ὥσπερ
979 4309 1062 4370 κενοῦ.
1104 4309 1140 4367 In
1165 4308 1190 4366 B
1214 4319 1259 4365 est
1284 4305 1367 4383 ὥσπερ

190 4457 192 4461 ,
227 4400 439 4476 κνοῦ,ΕοΪσπερ
459 4401 542 4456 κνοῦ.
900 4400 904 4409 ’
933 4392 937 4396 ’

80 4495 113 4553 C.
137 4501 162 4554 5.
198 4494 384 4560 ὅΖεὺξιππος]
413 4495 569 4552 articulum
587 4493 680 4569 adjeci
698 4511 734 4551 ex
751 4493 785 4553 Fu
823 4531 825 4534 ⁴

81 4587 115 4649 C.
139 4594 165 4647 7.
200 4586 294 4654 οὕτως]
318 4589 351 4647 Ε.
388 4589 484 4666 Vulgo
501 4587 580 4644 οὕτω.

80 4681 113 4739 C.
140 4689 165 4739 s.
202 4677 252 4746 ὦν]
275 4678 374 4782 addidi
390 4701 455 4742 euin
474 4683 550 4743 Men.
567 4692 595 4739 et
611 4681 711 4744 Reish.
