3036 4994
176 182 217 245 44
652 159 984 233 HAOYTAPXOY

177 338 232 403 διά
260 335 320 402 τού
346 330 508 415 στόματος
534 327 592 408 ἔξω
620 323 778 415 ρἐούσας·
812 317 894 401 αύτη
927 318 962 384 δ’
999 317 1136 398 άληθῶς
1173 315 1368 401 μεμιγμένα
1400 314 1467 401 πυρί

175 441 373 528 φθέγγεται,
392 441 449 501 καὶ
461 432 516 499 διό
527 434 590 497 τῶν
602 429 707 513 μελῶν
720 427 878 514 ἀναφέρει
891 424 949 503 τὴν
961 421 1027 488 άπὸ
1040 424 1097 501 τῆς
1109 418 1249 506 καρδίας
1261 415 1467 502 θερμότητα,

48 578 59 603 ο
175 541 364 617 Μούσαις
391 537 589 626 εὐφώνοις
616 529 763 615 ἰωμένη
790 530 863 594 τόν
888 525 1033 614 ἔρωτα,
1059 525 1143 589 κατὰ
1162 520 1361 600 Φιλόξενον.
1386 515 1465 585 Ἀλλ’

108 656 157 709 76³
175 640 206 711 εῖ
232 645 279 730 μὴ
313 642 367 708 διά
396 637 619 726 Λυσάνδραν,
653 623 678 698 ὦ
707 628 879 719 Δαφναῖε,
916 631 980 694 τῶν
1009 627 1158 694 παλαιόν
1186 626 1369 705 ἐκλέλησαι
1398 646 1466 687 παι-

174 749 289 825 δικῶν,
319 742 507 828 ἀνάμνησον
535 739 641 824 ἡμᾶς,
673 738 708 803 ἐν
732 727 782 812 οἷς
808 733 932 816 ἡκαλὴ
952 731 1083 819 Σαπφώ
1101 731 1200 811 λέγει,
1224 729 1287 807 τῆς
1306 726 1467 815 ἐρωμένης

176 848 402 940 ἐπιφανείσης,
432 842 493 925 τήν
520 867 552 908 τε
579 840 692 932 φωνὴν
717 840 874 925 ἴσχεσθαι
898 839 954 902 καὶ
981 835 1167 924 φλέγεσθαι
1192 830 1231 897 τό
1260 832 1387 912 σῶμα,
1417 831 1466 893 καί

175 947 436 1034 καταλαμβάνειν
462 944 628 1034 ὠχρότητα
654 947 711 1010 καὶ
734 940 860 1009 πλάνον
886 938 986 1020 αὐτὴν
1010 942 1067 1005 καὶ
1089 936 1222 1021 ῖλιγγον.
1260 933 1466 1018 Λεχθεντιιι

172 1044 231 1122 ούν
250 1055 313 1121 ύπό
337 1054 396 1120 τού
417 1051 590 1140 Δαφναίου
604 1048 666 1112 τῶν
685 1047 792 1133 μελῶν
812 1043 953 1124 ἐκείνων,
974 1040 1016 1120 ὡς

166 1463 341 1549 ύπολαβύν
360 1463 379 1529 ό
399 1463 522 1552 πατὴρ,
555 1464 683 1539 Ταῦτα,
710 1450 814 1537 εἶπεν,
835 1448 860 1523 ὦ
879 1458 961 1546 πρός
978 1460 1036 1521 τού
1051 1455 1142 1534 Διός,
1164 1451 1347 1544 θεοληψία
1363 1476 1463 1521 κατα·

167 1566 294 1655 φανός·
326 1557 419 1647 ούτος
441 1565 480 1632 ού
498 1565 669 1649 δαιμόνιος
692 1563 793 1640 σάλος
815 1564 873 1642 τῆς
897 1563 1022 1649 φυχῆςς
1053 1557 1084 1625 τί
1105 1559 1266 1623 τοσοῦτον
1291 1554 1316 1636 ἡ
1338 1556 1463 1624 Πυθία

164 1671 331 1735 πέπονθεν
347 1669 501 1760 ἁψαμένη
514 1673 572 1734 τού
587 1669 759 1754 τρίποδος,·
777 1668 850 1733 τίνα
863 1667 926 1732 τῶν
942 1665 1185 1746 ἐνθεαζομένων
1203 1655 1309 1738 ούτοις
1327 1659 1347 1727 ό
1363 1663 1464 1740 αὐλός

114 1791 139 1848 13
167 1776 223 1837 καὶ
242 1772 282 1836 τά
298 1773 433 1863 μητρῷα
452 1776 509 1838 καὶ
527 1773 564 1838 τό
584 1771 751 1856 τύμπανον
769 1769 945 1850 ἐξίστησινς
969 1767 1102 1852 ἡμῖντὸ
1123 1764 1202 1831 αύτό
1222 1768 1323 1849 σῶμα
1341 1769 1464 1832 πολλοὶ

164 1879 221 1940 καὶ
234 1876 270 1940 τό
286 1874 365 1940 αὐτὸ
378 1874 496 1953 κάλλος
506 1874 639 1964 ὁρῶσιν,
659 1874 806 1955 εῖληιτται
826 1870 859 1938 δ’
881 1862 924 1949 εἷς
946 1870 963 1936 ό
984 1868 1146 1959 ἐρωτικός·
1167 1869 1223 1935 διά
1237 1868 1314 1935 τίνα
1329 1866 1463 1954 αίτίανς

164 1975 205 2043 ού
223 1976 286 2066 γάρ
303 1977 520 2064 μανθάνομεν
537 1981 573 2064 γέ
590 2001 655 2045 που
673 1980 732 2043 τού
751 1974 947 2064 Μενάνδρου
966 1976 1130 2057 λέγοντος,
1150 1971 1225 2040 ούδέ
1245 1972 1416 2058 συνίεμεν·

742 2078 873 2170 Καιρός
891 2080 978 2144 ἐστιν
996 2077 1017 2158 ἡ
1037 2076 1135 2154 νόσος

357 2187 487 2285 Ψυχῆς·
510 2185 528 2254 ό
549 2188 680 2271 πληγεὶς
700 2186 735 2251 δέ
756 2229 925 2253 .......
947 2179 1164 2269 τιτρώσκεται.

162 2311 245 2378 ἆλλά
269 2312 287 2378 ὃ
307 2313 390 2391 θεὸς
407 2314 525 2392 αἴτιος,
550 2315 609 2379 τού
626 2290 687 2398 μέν
708 2309 969 2402 καθαψάμενος,
998 2310 1056 2376 τόν
1073 2310 1108 2374 δέ
1132 2307 1241 2387 ἐάσας.
1271 2302 1313 2373 ‘¹0
1330 2305 1453 2375 τοίνυν

162 2416 198 2479 ο
216 2412 300 2505 ερχη
318 2416 435 2501 καιρὸν
455 2406 516 2500 εἶχε
535 2413 685 2503 ῥηθῆναι
709 2417 850 2500 μᾶλον,
870 2413 944 2480 ουιε
966 2416 1040 2494 νον,
1070 2412 1161 2479 σου
1180 2412 1208 2497 γ·
1227 2399 1299 2478 οὖν
1313 2399 1451 2491 ἦτοι-ν

162 2517 222 2581 ἐπὶ
243 2515 389 2601 στόμα,
417 2517 485 2582 κατ’
507 2516 694 2603 Αἰσχύλον,
722 2515 863 2604 ἄρρητον
883 2516 989 2582 ἐάσειν
1008 2541 1067 2599 μοι
1089 2518 1190 2582 δοκῶ·
1221 2518 1278 2580 καὶ
1293 2511 1359 2605 γάρ
1383 2515 1457 2580 ἐστι

160 2620 380 2702 παμμέγεθες.
411 2618 504 2697 Ἴσως
523 2625 583 2703 μέν
600 2620 683 2707 γάρ,
710 2608 736 2682 ὦ
759 2620 878 2706 ἑταῖρε,
906 2623 1042 2685 καὶ-τῶν
1059 2619 1165 2686 ἄλλων
1184 2617 1355 2706 ἁπάντων,
1386 2614 1455 2684 ὅσα

111 2736 134 2794 c
161 2719 207 2806 μὴ
231 2721 272 2785 δι’
296 2715 485 2800 αἰσθήσεως
506 2720 583 2805 ἡμῖν
606 2717 651 2799 εἰς
673 2718 802 2786 έννσιαν
824 2717 909 2803 ἥκει,
936 2723 978 2788 τά
995 2729 1055 2807 μέν
1072 2724 1191 2814 μύθῳ,
1220 2723 1263 2787 τά
1282 2722 1317 2786 δὲ
1341 2720 1454 2812 νόμῳ,

160 2822 202 2889 τά
224 2826 259 2890 δέ
278 2822 363 2914 λόγῳ
383 2822 490 2888 πίστιν
512 2822 546 2903 ἐξ
564 2823 665 2912 ἀρχῆς
686 2821 812 2910 ἔσχηκε·
841 2826 898 2904 τῆς
918 2823 950 2891 δ’
978 2815 1037 2891 ούν
1060 2831 1135 2914 περὶ
1159 2827 1252 2891 θεῶν
1275 2823 1453 2907 δόξης-καῖ

159 2926 368 2994 παντάπασιν
381 2924 531 3012 ἡγεμόνες
543 2931 599 2992 καὶ
612 2928 803 2995 διδάσκαλοι
815 2928 987 3016 γεγόνασιν
1000 2928 1077 3015 ἡμῖν
1091 2925 1169 2994 οἵτε
1180 2932 1333 3027 αοιηταὶ,
1351 2931 1453 2995 καλοῖ

158 3031 356 3114 νομοθέται,
375 3033 430 3094 καὶ
448 3030 557 3118 τρίτον
579 3033 611 3096 οῖ
630 3031 828 3120 φιλόσοφοι·
853 3035 891 3098 τὸ
912 3039 972 3119 μέν
990 3022 1049 3100 ούν
1072 3024 1155 3098 εἶναι
1175 3033 1295 3110 θεούς,
1330 3031 1449 3117 ὁμοίοις

158 3134 342 3216 τιθέμενοι,
362 3131 515 3213 πλήθους
534 3135 569 3200 δέ
583 3136 656 3221 πέρι
671 3141 727 3201 καὶ
741 3135 857 3216 τάξεως
877 3135 1001 3218 αύτιῖιν,
1022 3135 1136 3212 ούσίας
1149 3160 1183 3202 τε
1197 3138 1253 3202 καὶ
1269 3135 1447 3220 δυνάμεως,

156 3234 282 3320 μεγάλα
295 3236 525 3326 διαφερόμενοι
536 3239 618 3325 πρὸς
631 3237 799 3320 ἀλλήλους.
818 3238 954 3307 Ἐκεῖνοι
963 3245 1024 3326 μέν
1035 3240 1098 3329 γάρ
1115 3242 1148 3305 οῖ
1163 3242 1225 3307 τῶν
1238 3238 1449 3331 φιλοσόφων,

345 3362 482 3430 νΛνοσοι
499 3369 555 3430 καὶ
575 3363 717 3453 άγὴραοι

348 3465 469 3533 Πόνον
488 3465 514 3532 τ’
537 3467 680 3555 ἄπειροι,
701 3469 874 3558 βαρυβόαν

348 3571 518 3659 Πορθμόν
537 3570 731 3660 πεφευγότες
747 3572 951 3663 Ἀχέροντος·

154 3690 239 3762 όθεν
262 3694 336 3765 σύδέ
361 3697 547 3786 προσίενται
566 3699 896 3791 ποιητικάςἝριδας,
930 3704 970 3770 ού
989 3706 1109 3787 Λιτάς,
1139 3705 1178 3774 ού
1201 3708 1342 3794 Δεῖμον,
1371 3708 1447 3778 ούδέ

103 3820 130 3877 1)
160 3799 273 3885 Φόβον
289 3802 443 3867 ἐθέλουσι
454 3803 554 3881 θεούς
569 3792 653 3870 εἶναι
666 3807 787 3884 παῖδας
803 3805 919 3893 Ἄρεος
935 3808 1126 3896 όμολογεῖν’
1141 3810 1305 3898 μάχονται
1318 3814 1358 3881 δέ
1370 3821 1447 3905 περὶ

152 3905 279 3970 πολλῶν
296 3908 351 3970 καί
373 3909 441 3984 τοῖς
459 3909 677 3991 νομοθέταις,
697 3905 803 4005 ὥσπερ
817 3906 1005 4000 Ξενοφάνης
1016 3909 1213 3997 Αἰγυπτίους
1225 3917 1374 3984 ἐκέλευσε
1388 3920 1446 3985 τόν

146 4005 294 4093 Ὄσιριν,
321 4004 353 4074 εῖ
367 4009 496 4089 θνητόν
516 4009 696 4094 νομίζουσι,
723 4013 768 4097 μὴ
793 4018 892 4105 τιμᾷυ
910 4014 953 4091 ὠς
971 4016 1065 4096 θεόν,
1083 4012 1115 4082 εί
1127 4019 1161 4083 δέ
1174 4019 1259 4084 θεόν
1270 4017 1444 4104 ἡγοῦνται,

149 4111 196 4197 μὴ
215 4113 367 4200 θρηνεῖν.
408 4101 522 4191 Λύθις
540 4115 576 4180 δέ
591 4117 722 4196 ποιηταὶ
740 4121 797 4182 καὶ
811 4119 1006 4199 νομοθέται,
1026 4119 1221 4210 φιλοσόφων
1237 4118 1328 4202 ἰδέας
1350 4128 1444 4202 τινας

151 4319 238 4381 A.1.
272 4326 295 4377 ελ
311 4320 346 4394 μὴ
363 4319 406 4378 διύ
421 4322 587 4403 Λυσάνδραν]
605 4324 677 4398 ΧγΙ.
712 4324 812 4402 Vulgo
830 4333 853 4382 εῖ
870 4351 895 4382 τι
909 4327 944 4399 μὴ
959 4328 1117 4403 Λύσανδροι.

150 4411 401 4483 Α.ύ1ι.ιιειιδιιᾶι]
428 4416 516 4478 idem.
558 4416 660 4491 Vulgo
682 4421 799 4474 παιδίον.
846 4418 944 4482 Reisk.
971 4424 1100 4496 conjecit
1120 4425 1258 4494 παιδιιὸι,
1296 4428 1349 4483 οὖν
1374 4431 1443 4486 tuh

283 4503 436 4578 ὄιύνιεσν·

149 4599 187 4658 A.
208 4604 235 4657 ³.
270 4593 425 4672 φλέγεσθαι]
446 4607 610 4673 φθέγγεσθαι
628 4599 689 4662 ΒΕ.
724 4601 791 4662 Ald.
816 4601 884 4664 Bas,
932 4628 941 4638 ·
