3036 4994
153 224 213 288 120

223 403 254 456 p·
274 389 322 451 10,
340 390 384 443 20.
419 381 554 454 παραδὺς]
588 379 723 453 παραδοὺς
741 378 774 440 Β.
792 379 828 438 E.
847 379 916 445 Ald.

186 518 189 523 ¹
224 535 384 605 p.10‚ao.
421 534 455 591 εἰς
474 528 507 583 τὰ
526 524 669 599 γυμνάσια]
705 526 767 601 lpst'
794 524 909 582 veteres
932 527 1089 603 diligenter
1115 530 1147 586 iu
1169 510 1315 605 originem
1335 528 1464 584 masculi

157 625 267 680 amoris
287 623 522 697 inquisiverunt,
543 638 669 696 quorum
690 619 774 674 aliia
794 619 893 675 Persis
915 637 982 674 eum
999 621 1149 675 invectum
1166 621 1196 676 in
1215 620 1375 676 Graeciam
1392 639 1465 695 per·

156 715 297 773 hibebant
324 720 367 779 (v.
387 713 529 772 Herodot.
549 712 580 780 1,
609 719 670 771 135.
689 713 758 772 coll.
777 711 859 771 Sext.
879 712 1022 787 Empirie.
1041 712 1194 787 Hypotyp.
1215 712 1247 779 Ι,
1268 720 1309 770 11.
1333 732 1364 787 p.
1384 716 1464 779 36).

157 810 208 867 alii
224 826 296 865 vero
315 807 427 863 rectius
445 804 613 862 statuebant
632 807 664 860 iu
686 808 849 880 gymnasiis
871 816 899 862 ct
918 791 1164 881 philosophorum
1184 805 1293 862 scholis
1315 807 1466 881 originem

158 914 187 958 et
215 905 396 958 incrementa
422 901 555 974 cepisse;
586 899 704 955 nudatis
729 901 808 955 euim
830 899 1007 972 corporibus
1035 899 1225 972 cupiditatem
1251 901 1408 955 iucensam
1435 910 1466 956 et

158 992 368 1053 inflammatam
390 1011 467 1051 esse.
504 992 602 1064 Quare
628 992 706 1067 apud
734 991 987 1048 Lacedaemonios
1011 1003 1040 1048 et
1061 993 1217 1049 Cretenses
1235 992 1381 1057 maxime,
1413 995 1469 1068 qui

157 1089 360 1165 gymnasticae
379 1088 452 1142 artis
469 1096 555 1142 eraut
571 1086 796 1152 studiosissimi,
815 1086 863 1140 ille
877 1086 1000 1160 puerilis
1015 1103 1099 1141 amor
1114 1081 1251 1140 llorcltat.
1290 1082 1351 1139 Cic.
1370 1083 1464 1140 Tusc.

158 1181 279 1253 Quaest.
298 1179 360 1247 IV,
378 1186 421 1237 33.
457 1180 542 1236 Mihi
558 1180 678 1254 quidem
695 1180 769 1236 ltaec
789 1179 822 1235 ia
844 1179 1031 1235 Graecorum
1049 1178 1223 1257 gyrartasiis
1240 1192 1313 1233 nata
1335 1197 1465 1233 coarsur-

158 1275 229 1331 tudo
245 1273 382 1339 videtur,
407 1272 565 1346 inquibus
588 1271 645 1327 isti
664 1271 756 1327 liberi
778 1287 805 1327 et
825 1272 962 1329 concessi
981 1287 1049 1327 srmt
1069 1289 1198 1327 amores.
1234 1270 1309 1327 Plat.
1328 1270 1365 1327 de
1383 1271 1464 1347 legg.

155 1367 182 1425 1.
201 1385 232 1441 p.
249 1374 300 1425 636
318 1370 350 1424 B.
386 1364 525 1439 Sympos.
544 1384 575 1439 p.
595 1371 644 1423 162
662 1365 696 1424 C.
715 1365 782 1423 coll.
802 1365 838 1422 de
856 1384 920 1441 rep.
938 1365 975 1425 V.
995 1385 1024 1441 p.
1043 1369 1093 1423 162
1112 1366 1144 1423 C.
1165 1364 1286 1420 Theaet.
1305 1384 1334 1439 p.
1358 1371 1410 1424 162
1427 1370 1463 1425 Β.

158 1459 294 1531 Thucyd.
314 1458 345 1523 l,
364 1464 389 1514 6.
426 1458 566 1513 Perizon.
586 1456 624 1511 ad
641 1456 757 1514 Aeliau.
776 1457 813 1516 V.
831 1456 869 1516 H.
895 1457 957 1523 111,
983 1465 1026 1516 38.
1063 1458 1172 1513 Athen.
1190 1457 1276 1514 XIII.
1304 1478 1336 1533 p.
1354 1463 1407 1517 603
1425 1459 1466 1515 11.

155 1553 192 1608 'In
210 1551 380 1625 gymnasiis·
391 1548 513 1604 Atuoris
531 1549 634 1604 altaria
652 1567 711 1604 uua
730 1567 797 1604 cum
816 1549 945 1604 Hercule
963 1560 992 1604 et
1010 1549 1165 1606 Mercurio
1183 1561 1268 1606 eraut
1284 1552 1403 1625 posita,
1438 1571 1467 1610 v.

157 1643 267 1700 Athen.
286 1641 306 1698 l.
325 1658 351 1695 c.
370 1657 399 1713 p.
419 1642 467 1695 561
487 1639 525 1694 D.
560 1639 689 1698 Pausan.
709 1638 772 1706 VI,
791 1645 844 1706 23,
862 1647 888 1698 6.

226 1792 324 1861 p.1⁰‚
343 1791 385 1842 30.
421 1784 692 1859 npoaururpspitipsroc]
726 1785 802 1843 Plat.
825 1787 995 1859 Theaet.p.
1016 1787 1169 1860 1698412‘,
1189 1787 1317 1860 odrppdi
1337 1789 1469 1862 00000·

157 1878 234 1954 rr'popc
252 1903 271 1935 π
281 1902 296 1951 p
306 1902 320 1934 o
330 1900 346 1935 0
355 1903 372 1934 a
380 1902 394 1934 r
403 1904 419 1933 α
428 1880 658 1951 τρεψάμενος
678 1877 771 1934 σαυτόν
785 1903 813 1934 τε
831 1878 886 1951 ἅμα
899 1887 942 1935 καὶ
957 1888 1000 1952 ipsi
1020 1877 1117 1949 ὀνῆσαι.
1152 1882 1304 1956 Theophr.
1323 1882 1467 1938 Charact.

159 1993 186 2032 r.
204 1973 332 2032 XXVII.
357 1973 423 2032 cod.
451 1973 544 2034 I’ttlttl,
575 1980 618 2028 καὶ
638 1982 1017 2047 προσανατρίβεσθαι
1039 1973 1114 2029 εἰπὼν
1138 1974 1220 2040 (Ast.
1246 1973 1337 2041 dordr)
1365 1981 1400 2038 εἶς
1418 1967 1466 2038 ’ἑὰς

158 2073 402 2141 παλαίστρας.
437 2066 576 2124 Activum
594 2067 652 2142 legi
677 2069 708 2123 iu
731 2067 849 2125 Aeliau.
872 2067 909 2124 H.
928 2067 966 2123 A.
990 2067 1049 2136 Vl,
1078 2075 1104 2125 1.
1141 2069 1312 2123 observavit
1332 2066 1464 2127 Schnei-

161 2162 249 2219 derus
268 2179 292 2221 s.
314 2179 341 2218 v.

170 2357 172 2361 .
225 2313 327 2383 p.10,
345 2313 388 2364 30.
423 2308 614 2380 προσεμβαλιῗεε]
650 2311 826 2381 προσεγκαλῶν
843 2310 880 2371 Β.
899 2309 936 2373 Ε,
954 2309 1022 2369 Ald.
1041 2308 1111 2366 BaS.

228 2473 257 2527 p.
278 2458 325 2519 10,
346 2461 390 2510 31.
424 2454 612 2524 πτεροφυήσας]
649 2455 746 2510 Etiam
764 2458 794 2511 in
816 2458 871 2512 hoc
892 2457 960 2512 loco
976 2456 1062 2512 facilc
1081 2458 1251 2514 Platonicae
1272 2457 1420 2512 orationis
1438 2468 1466 2512 et

161 2547 314 2604 doctrinae
333 2545 455 2619 vestigia
474 2545 622 2600 luculenta
641 2545 854 2619 deprehendas.
890 2549 970 2605 Vide
987 2551 1053 2606 Ast.
1073 2550 1109 2606 ad
1128 2550 1202 2606 Plat.
1221 2549 1350 2606 Phaedr.
1370 2569 1398 2624 p.
1416 2557 1465 2608 336

162 2659 206 2715 sq.
223 2648 252 2694 et
270 2643 332 2696 393.
368 2637 415 2711 De
432 2638 554 2693 Amoris
578 2639 633 2694 alis
652 2639 739 2695 adeas
758 2641 865 2697 Athen.
881 2640 968 2697 XIII.
991 2660 1022 2715 p.
1041 2648 1092 2700 562
1109 2643 1144 2702 E.
1179 2643 1273 2701 Voss.
1299 2644 1463 2721 mytholog.

161 2730 269 2802 Briefe
293 2728 365 2787 Vol.
384 2728 422 2783 11.
441 2747 471 2802 p.
490 2736 525 2788 34
542 2748 587 2804 sq.

228 2899 256 2952 p.
277 2884 325 2944 10,
345 2883 387 2936 31.
422 2872 504 2932 odrici
525 2873 650 2938 καθεκῑὸς
672 2882 753 2945 ἔστιν]
790 2878 872 2934 οὐκέτι
896 2879 975 2936 edidi
993 2898 1008 2936 e
1028 2884 1058 2941 Β.
1078 2882 1113 2940 Ε.
1148 2882 1249 2958 Vulgo
1278 2881 1325 2940 0οκ
1350 2888 1394 2938 ἔτι.
1429 2882 1462 2938 In

162 2972 209 3027 ed.
227 2969 383 3044 Wyttenh.
401 2970 475 3026 rnale
493 2987 668 3041 expressum
685 2981 731 3027 est
749 2971 874 3035 κάαεκτός
891 2981 966 3028 ἐστιν.

230 3139 259 3190 p.
280 3126 329 3186 10,
353 3124 396 3178 32.
439 3117 562 3190 γαμήλιον
585 3127 675 3176 ἐκεῖνον
703 3127 746 3176 καὶ
772 3122 889 3196 συνεργὸν
913 3118 1076 3191 ἀθανασίας]
1124 3125 1229 3184 senec.
1258 3125 1383 3200 Hippol.
1418 3143 1461 3186 vs,

163 3217 212 3267 161
231 3229 276 3284 sq.

431 3329 570 3387 Persidis
588 3330 638 3386 t'lle
656 3332 813 3388 mamimus
832 3335 937 3391 muudi
948 3355 1062 3410 pareus

431 3421 504 3478 Cum
522 3437 586 3479 tam
604 3443 731 3498 rapaces
747 3442 879 3483 corrueret
895 3429 969 3485 Fati
987 3450 1093 3487 marrus

433 3514 471 3571 Ut
488 3516 601 3572 damna
618 3537 735 3591 semper
751 3519 850 3575 sobole
866 3538 1023 3594 repararet
1041 3543 1128 3581 stopa.

430 3607 587 3675 Excedat,
605 3611 748 3682 agedum,
767 3612 855 3668 rebus
871 3614 1013 3671 humanis
1032 3615 1148 3683 Venus,

429 3700 514 3776 Quae
533 3701 649 3775 supplet
665 3720 703 3758 uc
719 3702 852 3760 restituit
869 3705 1051 3780 exhaustum
1066 3728 1173 3781 genus,

428 3793 524 3850 Orbis
534 3794 651 3871 jacebit
668 3795 808 3870 squalido
825 3799 924 3873 turpis
941 3798 1012 3855 situ.

162 3936 238 3995 Plal.
257 3935 358 4010 Symp.
380 3955 410 4010 p.
429 3938 481 3993 207
494 3936 535 4000 D.
571 3938 686 4014 ἐνταῦθα
705 3938 755 4012 peip
772 3969 807 3983 -
822 3937 837 4008 ἦ
855 3940 940 4011 θνητὴ
958 3940 1034 4012 φύσις
1050 3944 1118 4013 ζητεῖ
1137 3943 1202 4000 racd
1220 3944 1252 4000 τὸ
1273 3946 1385 4003 δυνατὸν
1406 3944 1425 4004 ἆ
1435 3954 1467 4005 ei

161 4054 189 4087 τε
208 4035 304 4086 εἶναι
323 4035 365 4085 καὶ
387 4026 596 4097 ἀθάνατος,
616 4028 723 4087 δύναται
740 4032 860 4107 dtsat'rrp
873 4032 954 4105 piros
971 4037 1008 4110 τῆ
1026 4044 1185 4106 γενέσει,
1203 4036 1244 4093 ὅτε
1262 4034 1303 4094 rial
1316 4046 1466 4098 καταλείπει

161 4126 243 4196 Vrspor
259 4131 313 4180 νέον
330 4119 387 4178 ἀντὶ
404 4123 452 4178 τοῦ
470 4112 588 4179 nudaturi.
622 4122 664 4182 ib.
683 4144 714 4199 p.
730 4132 781 4184 206
799 4125 834 4182 Β.
852 4126 931 4201 ταύτῃ
954 4129 987 4203 τῇ
1007 4132 1109 4203 μηχανῇ
1129 4159 1163 4172 -
1184 4131 1313 4201 θνητὸν
1330 4128 1465 4191 sidan-

161 4222 405 4286 01αςμετέχεε,
429 4217 566 4288 καὶσῶμα
588 4223 632 4273 καὶ
651 4214 733 4274 τᾶλλα
751 4217 844 4279 πάντα.
877 4220 922 4277 De
942 4222 1019 4299 legg.
1039 4224 1091 4282 IV.
1116 4243 1145 4299 p.
1166 4231 1216 4283 721
1238 4225 1268 4281 B·
1287 4225 1319 4284 C.
1348 4221 1405 4287 VI.
1433 4247 1462 4301 p.

162 4308 265 4377 11311.
298 4329 328 4370 v.
345 4301 493 4383 liudolphi
511 4310 548 4367 ad
565 4307 659 4369 Ocell.
678 4310 795 4369 Lucan.
814 4331 843 4387 p.
862 4320 913 4372 293
930 4333 974 4391 sq.

170 4476 173 4479 Ι
226 4500 255 4553 l‘·
275 4488 324 4550 1⁰,
344 4490 386 4543 3³·
422 4481 528 4567 sisic]
552 4485 651 4543 Reislt.
670 4486 781 4543 mavult
797 4484 882 4551 αὖθις.
