3036 4994
167 234 207 299 2⁰
640 220 974 292 ΠΛΟΥΤΑΡΧΟΥ

167 391 353 478 παρεξιέναι
369 383 525 472 κοσμίως·
552 383 594 462 ὡς
616 374 674 449 σόν
691 382 764 449 τότε
780 380 916 473 προσῄει
945 380 1025 467 μετά
1046 379 1137 445 δυοῖν
1155 374 1178 460 ἢ
1197 378 1298 468 τριῶν
1320 375 1461 469 ἑταίρων

167 493 399 577 ἀληλιμμένος,
427 489 508 569 αύτι)
533 494 593 574 μὲν
615 488 667 553 ε’πὶ
688 488 747 564 τάς
769 484 881 574 θύρας
901 482 1084 565 ἀπήντησεν
1107 481 1128 563 ἡ
1148 480 1385 571 Ἰσμηνοδώρα
1408 487 1461 550 καλ

167 600 224 676 τῆς
242 595 405 682 χλαμύδος
423 591 516 675 ἔθιγε
533 590 654 677 μόνον,
675 592 708 656 ολ
726 591 760 655 δέ
780 588 871 677 φίλοι
889 588 992 653 καλόν
1008 587 1113 662 καλῶς
1130 586 1164 650 ἐν
1180 586 1220 676 τῇ
1237 585 1392 672 χλαμύδι
1406 590 1461 652 καί

165 703 203 789 τῇ
214 697 354 781 διβολίᾳ
374 693 641 782 συναρπάσαντες
666 689 712 771 εἰς
737 693 795 774 τὴν
817 688 924 759 οἰκίαν
941 688 1150 779 παρήνεγκαν
1170 687 1300 776 ἀθρόοι
1321 693 1386 755 καὶ
1406 690 1461 768 τάς

102 816 149 872 155
166 800 277 888 θύρας
299 798 399 875 εὐθύς
417 796 626 862 ἀπέκλεισαν·
649 791 720 880 άμα
742 796 777 860 δέ
795 798 831 860 αἱ
846 800 906 879 μέν
922 796 1070 875 γυναῖκες
1089 789 1185 857 ἔνδον
1205 791 1307 858 αύτού
1321 794 1367 859 τό
1382 795 1461 879 χλιι·

160 906 279 990 μύδιον
293 900 547 991 Υἀφαρπάσασαι
569 900 764 985 περιέβαλον
788 897 917 982 ἱμάτιον
943 895 1122 982 νυμφικόν·
1157 891 1280 962 οίκέται
1302 897 1341 961 δὲ
1370 921 1460 984 περι-

162 1009 265 1099 κύκλῳ
289 1005 465 1094 δραμόντες
485 1003 663 1092 ἀνέστεφον
682 1002 776 1093 ἐλαίῳ
796 1007 852 1069 καί
871 1001 980 1092 δάφνῃ
1002 1001 1059 1077 τάς
1078 999 1190 1087 θύρας
1212 1001 1251 1066 ού
1269 999 1460 1085 μόνοντάς

165 1115 223 1195 τῆς
238 1108 495 1196 Ἰσμηνοδώρας,
516 1107 599 1173 ἀλλά
616 1111 671 1172 καὶ
688 1109 745 1184 τάς
762 1111 822 1173 τού
836 1106 1024 1192 Βάκχωνος·
1045 1103 1116 1184 ηδέ
1134 1103 1287 1190 αύλητρλς
1305 1103 1461 1171 αὐλοῦσα

166 1216 318 1298 διεξῆλθε
339 1214 397 1277 τόν
415 1209 587 1276 στενωπόν.
630 1213 702 1274 Τῶν
722 1213 756 1274 δέ
780 1211 942 1274 Θεσπιέων
966 1209 1105 1272 καὶτῶν
1125 1206 1223 1286 ξένων
1243 1208 1278 1271 σί
1299 1212 1365 1290 μὲν
1393 1203 1460 1292 676-

166 1324 245 1440 λων,
266 1342 298 1382 οι
289 1314 382 1380 ‘³66
363 1313 565 1399 ηγανάκτονν
583 1316 640 1377 καὶ
655 1312 728 1388 τούς
741 1311 1000 1398 γυμνασιάρχους
1014 1308 1261 1397 παρώξυνον·
1226 1332 1385 1432 αρχονοι
1396 1310 1459 1398 γάρ

166 1420 302 1510 ἰσχυρῶς
326 1421 389 1483 τῶν
410 1416 541 1505 ἐφηβων
559 1441 615 1481 και
637 1419 833 1504 προσέχουσι
852 1414 910 1480 τόν
928 1418 1007 1479 νοῶν
1030 1409 1163 1498 σφόδρα
1185 1414 1254 1487 τοῖς
1271 1408 1326 1474 ὑπ’
1349 1409 1461 1477 αύτῶν

165 1525 410 1610 πραττομένοις·
437 1509 531 1598 ηνδέ
549 1517 655 1602 λόγος
671 1516 776 1594 οὐδεὶς
800 1519 862 1582 τῶν
881 1515 1136 1598 ἀγωνιζομένων,
1162 1510 1274 1578 άλλΗ
1254 1514 1400 1600 αφέντες
1422 1513 1459 1579 τό

113 1642 138 1698 Β
165 1627 346 1712 θέατρον)
331 1648 384 1689 επι
403 1625 467 1688 τῶν
484 1623 599 1709 θυρῶν
618 1621 674 1700 τῆς
694 1616 963 1707 Ἰσμηνοδώρας
948 1640 982 1682 εν
1000 1617 1108 1701 λόγοις
1127 1637 1213 1697 ησαν
1231 1620 1291 1682 καὶ
1312 1619 1461 1705 φιλονει-

165 1727 255 1804 κίαις
272 1726 354 1815 πρός
373 1725 540 1806 ἀλλήλους.

241 1829 297 1898 ια’.
334 1818 446 1907 Ὼς
408 1851 466 1894 ονν
485 1828 503 1894 6
523 1830 582 1895 τού
597 1825 736 1894 Πεισίου
751 1819 887 1915 φίλσς“’
861 1847 967 1914 ωσπερ
982 1826 1016 1891 έν
1030 1826 1160 1914 πολέμῳ
1173 1822 1389 1912 προσελάσας
1401 1826 1461 1892 τόν

162 1926 263 1999 ’ίππον
278 1933 362 2000 -αύτό
387 1936 482 2000 τούτο
503 1935 738 2019 τεταραγμένος
757 1921 859 2010 εἶπεν,
886 1925 936 1997 ότι
957 1929 1120 2014 Βάκχωνα
1142 1924 1286 2017 ἥρπακεν
1310 1932 1459 2013 Ἰσμηνο-

163 2037 267 2121 ρώρα,
288 2061 345 2103 τον
363 2045 423 2122 μ
389 2035 621 2117 ὲνΖεύξιππον
640 2036 659 2101 ό
677 2035 784 2122 πατὴρ
805 2032 868 2116 ἔφη
888 2032 1026 2118 γελάσαι
1043 2037 1098 2098 καί
1117 2029 1233 2113 εἰπεῖν,
1259 2028 1317 2097 εἴτε
1337 2033 1380 2113 δὴ
1398 2036 1472 2099 καὶ·

163 2139 432 2231 φιλευριπίδην
412 2162 511 2221 οντα,
1328 2221 1332 2225 .

352 2242 491 2333 Πλούτῳ
510 2244 672 2328 χλιδῶσα,
693 2240 878 2322 θνητάδ,
899 2229 925 2306 6
943 2238 1056 2324 γύναι,
1078 2243 1223 2363 φρονεῖρι

161 2345 270 2410 τόνδὲ
291 2345 432 2411 Πεισίαν
452 2345 710 2426 ἀναπηδήσαντα
731 2348 831 2434 βορίν,
848 2335 888 2410 Ὦ
907 2347 982 2409 θε
942 2370 1003 2424 ⁴06,
1024 2345 1055 2412 τί
1073 2350 1177 2431 πέρας
1195 2364 1283 2409 εσται
1292 2364 1351 2420 της
1361 2338 1447 2405 ανα-

161 2447 339 2536 τρεπούσης
358 2449 416 2527 τὴν
435 2447 567 2513 πόλιν
550 2450 641 2532 ημῶν
663 2449 869 2532 ε’λευθερίαςς
898 2447 960 2528 ἤδη
980 2449 1043 2536 γάρ
1071 2444 1116 2523 εἰς
1141 2446 1282 2539 άνομίριν
1300 2444 1342 2511 τά
1363 2442 1451 2530 πρά-

112 2565 135 2621 c
163 2574 271 2634 γματα
285 2551 344 2614 διά
358 2551 415 2628 τῆς
428 2549 624 2633 αὐτονομίας
636 2550 795 2632 βαδίζειν·
815 2550 922 2614 καίτοι
936 2552 1064 2633 γελοῖον
1078 2551 1153 2626 ἴσως
1169 2547 1365 2632 ἀγανακτεῖν
1376 2550 1454 2633 περὶ

162 2651 271 2736 νόμων
289 2656 347 2716 καὶ
368 2651 513 2731 δικαίων,
531 2676 560 2731 η
579 2652 641 2737 γάρ
664 2649 760 2737 φύσις
779 2656 1016 2737 παρανομεῖται
1036 2653 1391 2739 γυναικοκρατουμένη·
1422 2649 1454 2716 τί

163 2751 504 2835 τοιούτονὴΛιῖμνοςς
521 2753 619 2837 ἴωμεν
633 2753 732 2838 ἡμεῖς,
743 2755 849 2839 ἴωμεν,
868 2745 963 2835 εἶπεν,
974 2753 1060 2836 ὅπως
1070 2759 1173 2824 καὶτὸ
1187 2755 1371 2841 γυμνάσιον
1382 2759 1454 2831 ταῖς

161 2855 285 2941 γυναιξὶ
299 2857 497 2943 παραδῶμεν
509 2861 564 2921 καὶ
580 2858 617 2922 τό
633 2858 879 2945 βουλευτήριον,
900 2855 931 2925 εἰ
944 2861 1153 2926 παντάπασιν
1165 2861 1185 2941 ἡ
1199 2861 1295 2937 πόλις
1310 2857 1454 2925 ἐκνενεύ-

163 2984 281 3083 066666.
309 2956 521 3046 Προάγοντος
535 2950 592 3026 σύν
608 2963 666 3025 τού
680 2963 835 3046 Πεισίου,
856 2962 874 3028 ό
889 2970 949 3048 μέν
961 2967 1174 3053 Πρωτογένης
1189 2963 1246 3040 ούκ
1260 2963 1451 3030 ἀπελείπετο

162 3066 203 3128 τά
221 3071 281 3183 μέν
300 3067 563 3183 συναγανακτῶν,
590 3065 685 3130 τάδε
671 3065 859 3153 ὲπραύνων
878 3070 1012 3133 έκεῖνον·
1040 3071 1114 3135 οδέ
1100 3067 1338 3154 έΑνθεμίων,
1364 3069 1450 3132 Νεα-

162 3167 349 3249 νικόνμέν,
367 3190 454 3257 εφη,
481 3169 517 3232 τό
544 3166 712 3253 τόλμημα
721 3193 776 3248 και
793 3171 989 3254 Λημνιον
970 3197 1012 3247 ως
1039 3171 1240 3253 ἀληθῶς-
1267 3170 1366 3237 αὐτοὶ
1388 3168 1447 3255 γάρ

162 3262 313 3391 έσμεν-
330 3269 498 3358 σφόδρα
483 3268 603 3360 εράσης
619 3272 780 3356 γυναικός.
818 3274 924 3339 Και’
910 3299 928 3338 ο
948 3274 1124 3396 Σῳκλαρος
1139 3273 1356 3358 ὑπομειδιῶν,
1384 3274 1451 3338 Οἴει

111 3385 137 3441 D
162 3372 224 3459 γάρ
245 3371 408 3459 ἁρπαγὴν,
428 3372 507 3494 έφη,
526 3378 692 3460 γεγονέναι
705 3381 763 3441 καὶ.
775 3377 934 3503 βρασμὸν,
955 3378 1012 3444 ούκ
1027 3379 1222 3463 απολογημα
1233 3381 1289 3443 και
1311 3377 1451 3466 στρατη-

162 3499 249 3558 γημα
270 3479 327 3545 τοῦ
345 3475 513 3558 νεανίσκου
533 3481 610 3543 νούν
623 3477 773 3565 ἔχοντος,
802 3477 853 3546 ὅτι
877 3482 936 3559 τάς
960 3484 1024 3547 τῶν
1045 3483 1202 3570 ἐραστῶν
1208 3480 1358 3601 ἀγκάλας
1380 3481 1451 3546 δια-

164 3579 274 3696 φυγών
287 3577 585 3698 ἐξηυτομόληκεν
555 3608 600 3658 εις
618 3588 726 3671 χεῖρας
745 3587 847 3666 καλῆς
866 3589 924 3651 καὶ
942 3586 1101 3663 πλουσίας
1114 3585 1283 3669 γυναικόςς
1303 3586 1367 3665 Μη
1381 3587 1452 3667 λέγε

163 3683 285 3758 ταῦτα,
314 3683 380 3746 είπε
382 3703 415 3762 ν,
444 3708 467 3747 ω
460 3682 659 3806 Σώκλαρε,
685 3686 800 3777 μηδ”
780 3687 932 3794 υπονόει.
932 3689 983 3752 ἐπὶ
1002 3687 1226 3773 Βάκχωνος,
1212 3715 1230 3754 ο
1247 3687 1455 3774 Ἀνθεμίων,

161 3789 218 3848 καὶ
236 3784 331 3905 γάρ
323 3780 355 3849 εἰ
370 3784 430 3869 μὴ
428 3783 567 3910 φύσερ
550 3787 606 3852 τόν
625 3788 750 3874 τρόπον
769 3788 891 3869 άπλούς
911 3782 951 3872 ἦν
970 3816 1025 3858 και
1044 3792 1226 3911 ἀφελὴς,
1210 3790 1311 3876 εμέγ’
1336 3791 1400 3859 ούκ
1416 3790 1456 3858 ἀν

163 3887 393 3977 ἀπεκρύψατο,
422 3887 540 3975 τῶνῖ
566 3889 672 3956 ἀλλων
696 3893 925 3976 μεταδιδούς
906 3893 1079 3975 απάντων,
1110 3894 1145 3960 ἔν
1164 3919 1197 3961 τε
1217 3893 1345 3974 τούτοις
1369 3894 1455 3985 ὁρῶν

161 3992 459 4095 προθυμότατον”
440 3986 519 4058 οντα
546 4018 603 4093 της
629 3994 866 4084 Ἰσμηνοδώρας
891 3999 1038 4082 βοηθόν·
1071 3999 1190 4088 Ἐρωτι
1215 4002 1249 4066 δέ
1277 4000 1455 4087 μάχεσθαι

190 4138 410 4156 *—

163 4224 257 4293 F.·5.,
283 4229 402 4306 ἑταίρων]
421 4227 520 4285 addidi
538 4247 574 4283 ex
598 4229 632 4288 Ε.

161 4316 210 4385 Α.Ι
224 4323 249 4376 2.
284 4318 437 4398 περικύκλῳ]
455 4319 552 4393 Reisk.
571 4329 629 4394 περὶ
646 4323 722 4394 κύκλῳ
751 4326 877 4382 divisim.

163 4411 194 4467 66.
220 4419 246 4468 4.
281 4404 478 4488 τεταραγμένος]
497 4414 531 4473 Ε.
567 4414 665 4490 Vulgo
682 4428 874 4491 τεταραγμένως.

162 4502 194 4558 Β.
214 4500 255 4562 ib.
281 4501 404 4580 ἥρπακεν]
425 4505 486 4561 ΒΕ.
522 4506 618 4584 Vulgo
636 4508 756 4584 ἥρπασεν.

161 4595 195 4656 Β.
221 4604 244 4655 7.
281 4594 367 4664 θνητά
386 4595 428 4664 δ’,
447 4590 569 4672 ω’γύναι]
591 4603 647 4665 ΒΕ.
684 4604 780 4678 Vulgo
797 4607 880 4675 θνητά
900 4611 925 4663 δέ
940 4605 1024 4680 μείνειε.
1044 4604 1201 4681 Wyttenb.
1215 4624 1282 4665 cum
1294 4592 1453 4682 ΧγῙοηελῖο

290 4689 375 4758 θνητά
393 4689 424 4759 δὴ
438 4691 523 4761 γύναι,
