3036 4994
175 332 291 374 tantum
307 316 404 383 abest,
423 329 453 371 ut
470 312 653 371 emendando
668 314 827 370 duscerim:
847 313 941 370 immo
957 313 1052 370 nimis
1068 311 1161 370 etium
1177 310 1297 387 liquida
1320 310 1472 386 quaedum

176 410 213 467 ob
230 409 442 484 turpitudinem
454 406 555 462 dedita
567 425 660 480 operu
674 406 835 463 obscuravi
851 407 930 463 inter
942 405 1121 465 vertendum.
1156 406 1228 463 Huc
1243 419 1325 460 certe
1338 403 1473 478 pertinet

175 502 252 560 illud
259 543 267 568 ,
298 499 535 571 dumglegirnus:
570 497 696 554 Mundis
722 499 827 555 omnia
849 498 971 555 mundo.
1015 495 1193 571 caeteroqui
1212 498 1294 554 levin
1323 496 1473 572 quaedam

174 595 281 652 menda
298 592 423 659 sustuli,
441 591 491 647 ubi
503 591 592 665 potui
608 590 694 646 snluu
706 592 837 666 pietate:
856 592 891 646 de
908 591 1013 666 quibus
1027 593 1177 647 rationem
1188 591 1314 646 reddere
1332 590 1379 647 sit
1395 591 1474 646 otio-

174 689 276 745 sum.“
310 688 407 762 Atque
434 685 564 742 Rusldus
588 703 703 760 qnoque
731 687 761 741 in
784 688 839 741 hoc
862 684 937 742 libro
964 683 1171 742 verecundiam
1195 701 1249 757 per
1271 682 1333 738 slis
1362 683 1473 757 scripta

175 792 236 836 tam
260 780 416 856 diligenter
441 799 458 835 a
482 779 642 834 Plutarcho
663 791 810 844 servatam
832 779 980 835 desiderat
1004 781 1036 834 in
1062 779 1124 850 ejus
1150 779 1210 833 vite
1235 792 1304 850 cal).
1323 775 1474 832 XXVIII.

175 875 289 931 Eodem
304 874 499 931 verecundiae
521 884 549 928 et
565 872 719 947 religionis
741 891 830 929 sensu
845 884 941 929 tactus
963 890 1086 948 magnus
1106 870 1148 927 Is.
1168 868 1370 927 Cesaubonus
1384 867 1477 924 Athe·
1514 878 1516 883 ’

176 969 244 1023 nsei
261 965 370 1022 librum
388 967 532 1022 decimum
551 969 671 1022 tertium
689 968 837 1040 explicare
856 979 885 1023 et
902 967 1057 1024 emendare
1075 984 1231 1040 aggressus
1247 976 1324 1022 erat.
1360 965 1476 1022 Horum

176 1080 248 1117 vero
263 1062 371 1135 judicia
384 1082 444 1117 non
460 1061 663 1128 morabuntur,
678 1065 738 1138 qui,
752 1083 825 1138 quae
838 1065 999 1119 acerrimus
1010 1072 1142 1119 veterum
1155 1058 1347 1115 Graecorum
1356 1059 1474 1132 pietatis

177 1154 299 1223 vindex,
327 1154 504 1211 Fredericus
524 1155 696 1221 Jacobsius,
716 1167 776 1212 tam
796 1156 943 1213 subtiliter
959 1174 1045 1232 quam
1064 1172 1135 1210 vere
1156 1154 1191 1209 de
1213 1171 1319 1208 amore
1341 1153 1474 1209 masculo

177 1259 207 1304 et
229 1249 404 1304 seminarum
422 1249 590 1307 conditione
617 1251 694 1324 apud
721 1250 853 1307 Graecos
873 1268 967 1325 nuper
990 1257 1202 1305 commentatus
1228 1257 1289 1314 est,
1316 1247 1474 1324 diligenter

177 1341 381 1417 expenderint.

244 1475 303 1532 Sed
325 1475 423 1533 locum
444 1476 479 1531 de
499 1477 614 1533 Amore
630 1487 832 1533 tractaverunt
848 1478 1091 1552 philosophorum
1110 1474 1295 1531 Graecorum
1318 1474 1432 1529 summi
1448 1484 1472 1528 et
1515 1542 1516 1565 Χ

176 1568 346 1641 principes,
374 1567 508 1624 Socratis
531 1580 560 1624 et
576 1571 708 1626 Platonis
731 1572 808 1627 haud
831 1571 917 1627 dubie
941 1570 1104 1627 illustribus
1129 1568 1270 1642 exemplis
1300 1585 1473 1623 commone·

176 1659 248 1714 lacti
274 1670 302 1715 et
320 1662 455 1729 excitati,
481 1673 511 1718 et
537 1648 807 1739 niagnamvixque
834 1644 906 1720 satis
937 1663 1146 1737 deplorandam
1173 1662 1300 1717 lecimus
1329 1663 1473 1735 jacturam

177 1750 339 1825 deperditis
359 1753 465 1821 libris,
498 1755 605 1830 quibus
629 1757 673 1813 illi
696 1757 731 1815 de
753 1775 786 1812 re
810 1768 840 1813 et
862 1759 1036 1834 gravissima
1062 1767 1091 1812 et
1116 1757 1294 1812 suavissima
1323 1756 1472 1830 eleganter

177 1845 410 1919 explicaverunt.
454 1849 601 1907 Socratici
626 1853 721 1918 enim,
750 1852 875 1924 Cynici,
903 1849 1014 1917 Stoici,
1043 1850 1230 1915 Academici,
1261 1848 1471 1922 Peripatetici,

176 1937 330 2013 Epicurei,
349 1940 412 2003 alii,
430 1942 520 1998 multa
532 1942 676 2012 derebus,
695 1963 769 2020 quae
782 1945 818 2001 ad
833 1963 962 2000 amorem
973 1944 1133 2019 pertinent,
1150 1943 1307 2017 praeclare
1324 1960 1472 1997 commen·

176 2034 232 2088 tati
250 2044 318 2088 sunt
338 2045 368 2090 et
387 2037 507 2092 omnino
525 2049 594 2112 post
609 2036 742 2097 Socratis
764 2048 897 2113 tempora
918 2030 997 2094 nulla
1018 2038 1133 2094 videtur
1150 2047 1210 2091 tam
1230 2036 1380 2111 ignobilis
1397 2045 1473 2092 secta

177 2128 346 2196 exstitisse,
371 2129 442 2203 quin
467 2130 498 2184 iu
519 2132 629 2187 amoris
645 2142 781 2187 naturam
799 2149 852 2186 suo
870 2148 951 2185 more
975 2140 1004 2184 et
1027 2130 1063 2185 ad
1080 2148 1132 2184 sus
1149 2129 1258 2202 placita
1279 2129 1469 2184 accomodate

177 2220 349 2296 inquireret.
386 2221 583 2293 Quamobrem
603 2243 710 2298 operae
726 2227 854 2300 pretimn
873 2241 917 2279 me
939 2224 1085 2278 iacturum
1103 2240 1167 2277 esse
1186 2239 1294 2294 spero,
1329 2223 1356 2277 si
1375 2221 1473 2276 missis

178 2332 258 2368 nunc
285 2316 381 2388 poetis
413 2325 442 2370 et
466 2320 613 2390 poetriis,
653 2320 753 2374 missis
777 2318 896 2374 lascivis
925 2328 954 2373 et
980 2316 1136 2391 impudicis
1159 2333 1261 2370 rerum
1289 2317 1471 2371 eroticsrum

179 2405 397 2476 scriptoribus,
425 2411 525 2465 missis
554 2412 708 2467 rhetorum
731 2411 1001 2468 declamatiunculis
1022 2421 1050 2465 et
1068 2409 1240 2484 pigmentis,
1268 2410 1372 2464 missis
1391 2407 1471 2462 tritis

178 2505 208 2551 et
227 2496 412 2570 vulgaribus,
436 2501 492 2556 hec
511 2500 609 2558 oblata
626 2505 782 2558 occasione
800 2503 993 2576 philosophos
1011 2520 1079 2568 eos,
1106 2502 1206 2577 quide
1224 2505 1345 2556 Amore
1363 2503 1470 2574 scripta

179 2586 354 2656 ediderunt,
389 2608 580 2653 recensuero.
631 2593 726 2664 Quam
753 2594 954 2668 quaestionem
980 2594 1067 2648 simul
1093 2595 1172 2649 banc
1197 2593 1286 2648 credo
1317 2595 1469 2650 utilitatem

178 2678 345 2737 habituram
363 2699 443 2750 esse,
470 2694 503 2738 ut
519 2702 556 2739 ex
574 2683 680 2759 quibus
697 2683 828 2740 sontibus
846 2686 1023 2742 Plutarchus
1041 2687 1188 2754 hauserit,
1207 2704 1439 2761 cognoscamus.

246 2795 408 2872 Postquam
429 2799 542 2873 antiqui
559 2809 662 2872 poetae
686 2810 714 2856 et
736 2799 906 2874 philosophi
926 2800 1046 2857 Amoris
1071 2821 1207 2878 magnam
1229 2804 1290 2860 vim
1314 2805 1348 2859 in
1371 2818 1468 2859 rerunt

179 2902 314 2948 naturam
352 2890 653 2961 concelebraverant,
707 2895 814 2969 quippe
853 2896 903 2970 qui
938 2894 1042 2949 rudem
1076 2905 1106 2951 et
1144 2889 1336 2970 indigestam
1365 2897 1470 2953 molens

179 2986 378 3060 composuerit
398 2995 427 3041 et
444 2986 475 3042 in
492 2987 626 3042 ordinem
646 2997 879 3063 concentumque
896 2987 1058 3063 redegerit,
1085 2998 1114 3044 et
1130 3000 1287 3064 postquam
1307 2991 1469 3065 prudentes
1505 3051 1509 3063 ἱ

178 3082 275 3156 legum
293 3079 421 3148 luteres,
451 3082 590 3151 juvenum
610 3082 723 3137 animos
745 3084 857 3138 musica
877 3093 906 3137 et
925 3101 1024 3138 amore
1043 3083 1233 3139 emolliendus
1257 3101 1328 3139 esse
1345 3096 1376 3140 et
1393 3086 1471 3140 miti-

177 3174 290 3251 gandos
308 3175 521 3251 intelligentes,
541 3178 690 3249 sapienter
707 3177 849 3231 institutis
867 3173 1039 3241 elt'ecerant,
1058 3187 1090 3232 ut
1102 3179 1223 3232 Amoris
1240 3177 1342 3233 multus
1359 3180 1392 3234 in
1409 3178 1470 3252 ple-

177 3269 279 3341 risque
300 3265 443 3323 Graeciae
461 3267 629 3323 civitatibus
652 3270 781 3343 vigeret3
808 3270 919 3343 primus
938 3270 1050 3324 exstitit
1067 3266 1223 3335 Socrates,
1243 3271 1313 3343 qui,
1336 3289 1412 3346 qnae
1430 3270 1469 3326 illi

179 3360 307 3416 obscuro
326 3360 453 3435 quodem
474 3378 563 3415 sensu
583 3361 664 3417 ducti
686 3363 771 3436 quasi
794 3361 990 3428 divinassent,
1018 3378 1050 3416 ea
1075 3362 1237 3434 explicaret
1257 3373 1286 3417 et
1308 3363 1348 3419 ad
1374 3373 1469 3419 certas

179 3453 320 3529 quasdam
336 3456 467 3510 rationes
486 3466 659 3523 revocaret,
679 3454 855 3530 doceretque
873 3457 1005 3510 intimam
1017 3472 1081 3509 esse
1094 3453 1297 3528 philosophiae
1313 3467 1345 3511 et
1361 3458 1470 3512 amoris

178 3552 435 3624 conjunctionem,
455 3568 543 3624 seque
561 3551 659 3623 ipsum
674 3550 748 3605 nihil
760 3548 838 3604 aliud
850 3549 956 3604 callere
972 3567 1059 3623 quam
1072 3545 1105 3603 τὰ
1119 3546 1232 3619 ἐρωτικὰ.
1264 3547 1334 3619 Quo
1351 3553 1472 3606 nonune

178 3642 382 3700 SOCRATES
400 3645 509 3699 arnonis
523 3642 708 3717 disciplinam
724 3642 891 3699 condidisse
904 3644 968 3714 jure
983 3642 1094 3715 optimu
1107 3641 1165 3696 dici
1177 3651 1287 3714 potest,
1306 3653 1339 3698 et
1350 3645 1472 3717 scripsit

176 3736 435 3796 PHAVORINUS
452 3744 510 3811 usqi
520 3739 674 3810 Σωκράτους
686 3741 729 3791 καὶ
744 3737 788 3807 τῆς
805 3735 858 3791 κατ’
877 3733 954 3790 αὑτὸν
966 3735 1080 3808 ἐρωτικῆς
1094 3742 1189 3804 τέχνης,
1207 3744 1283 3790 teste
1296 3735 1383 3798 Suid.
1403 3756 1428 3793 s.
1441 3756 1469 3792 v.

244 3873 317 3930 Viae
337 3892 391 3948 per
408 3872 562 3928 Socratem
581 3880 707 3936 stratae,
732 3870 905 3926 institerunt
927 3870 1010 3925 vario
1031 3879 1137 3924 eventu
1156 3870 1220 3941 ejus
1244 3867 1405 3942 discipuli,
1439 3879 1472 3924 ut

176 3966 346 4025 stttMIAs
365 3965 524 4023 Thebanus
541 3968 663 4041 scripsit
686 3965 834 4042 dialogum
850 3971 923 4040 περὶ
941 3971 1077 4037 ἔρωτος,
1107 3974 1182 4020 teste
1200 3963 1287 4038 Diog.
1306 3963 1413 4024 Laert.
1430 3965 1471 4032 Il,

175 4063 305 4130 16,1‘.>l.

242 4178 382 4247 SIMON,
409 4190 510 4246 sutor,
530 4178 678 4254 dialogum
695 4177 786 4233 edidit
803 4182 877 4250 περὶ
894 4183 1031 4249 ἔρωτος,
1054 4183 1129 4231 teste
1147 4172 1250 4228 eodem
1270 4172 1319 4241 II,
1340 4175 1390 4243 tt,
1411 4182 1472 4232 122.

244 4297 440 4356 EUCLIDES
465 4298 557 4354 edidit
580 4297 742 4372 dialogum,
771 4313 856 4371 quern
878 4294 1033 4368 inscripsit
1053 4289 1241 4364 Ἐρωτικὸς,
1267 4301 1343 4347 teste
1366 4292 1472 4350 eodem

176 4390 222 4458 Il,
242 4395 291 4458 to,
310 4397 369 4450 103.
388 4393 447 4447 nisi
467 4393 544 4447 forte
562 4388 604 4446 ibi
622 4387 812 4446 scribendum
828 4385 976 4461 Ἐρωτικός.
1193 4391 1196 4395 “

243 4506 324 4562 Inter
340 4507 612 4565 ANTISTHENIS
630 4509 741 4580 scripta
754 4517 891 4561 recenset
904 4506 984 4578 Diog
1007 4502 1106 4558 Laert.
1124 4502 1189 4569 Vt,
1209 4508 1252 4563 15.
1270 4503 1361 4558 etium
1378 4503 1471 4559 haec:

175 4606 232 4673 usqi
250 4604 413 4664 suttonam<
430 4600 448 4670 ἢ
465 4609 521 4674 neqi
542 4601 636 4673 γάμου.
675 4598 860 4674 Ἐρωτικός·
891 4601 935 4655 sic
957 4599 1035 4654 ettint
1058 4597 1263 4672 distinguenda
1287 4597 1362 4653 haec
1386 4610 1470 4672 putu.
