3036 4994
1346 154 1403 221 221

117 299 255 375 φερόμενον
271 299 497 373 ὑπολαμβάνουσιν.
533 303 618 366 Cous.
638 302 747 361 Julian.
767 303 850 363 Orat.
869 303 941 363 Vll.
959 324 990 381 p.
1004 313 1054 367 998
1071 307 1104 367 C.
1123 327 1160 366 ex
1177 310 1292 374 emend.
1310 312 1404 385 Wyt-

115 397 254 455 tenbach.
275 396 313 453 ad
329 395 405 453 Plut.
421 395 456 452 de
472 406 547 457 reet.
568 397 635 455 and.
654 407 710 454 rat.
729 417 759 472 p.
778 397 867 459 8811.

183 563 213 617 p.
231 549 286 609 59,
303 551 347 604 32.
381 548 549 615 θηρωμένου]
584 545 628 601 lta
651 548 769 602 correxi
793 564 860 621 curu
879 546 1035 621 Wyttenb.
1059 550 1208 631 vulgatum
1228 548 1403 627 θηραμέναυς.

115 634 214 693 Relslt.
240 638 333 695 voluit
351 637 432 713 οἵσπερ
449 638 534 704 σκιὰς,
562 647 724 713 θηρωμένου.
759 640 825 698 Bas.
844 649 1013 714 Oppopdrove.

181 806 210 860 p.
226 784 278 853 tt,
303 793 345 846 33.
379 797 437 843 τοῖν
456 791 559 859 χεροῖν]
592 787 637 843 Ita
660 788 727 844 dedi
748 806 785 844 ex
808 788 844 848 E.
878 789 974 865 Vulgo
996 800 1053 853 ταῖς
1076 797 1168 863 χερσίν.
1201 792 1278 851 Plut.
1301 793 1404 871 Symp.

118 878 239 950 Quaest.
258 879 303 948 Il,
319 886 346 939 4.
363 898 393 954 p.
411 886 462 938 638
479 879 518 937 D.
551 878 632 950 τούτῳ
648 879 698 953 χόρ
715 876 825 951 μάλιστα
846 881 886 950 τῷ
901 890 974 955 μέρει
993 893 1068 937 ταῖν
1088 893 1213 956 χεροῖνΙ
1224 885 1363 954 1νερχσῦοιν
1378 895 1405 942 ol

115 977 271 1035 antelamo
314 972 445 1032 Utuntur
471 971 581 1028 Graeci
605 972 684 1028 duali
706 974 793 1029 etiam
816 971 867 1029 ubi
892 973 928 1030 de
952 973 1088 1049 pluribus
1114 975 1286 1050 loquuntur.
1332 976 1407 1034 Vide

73 1098 76 1103 -
116 1063 230 1140 Pssugt.
249 1064 286 1121 ad
303 1065 375 1124 Eur.
393 1064 505 1122 Alcest.
529 1081 576 1123 τε.
594 1070 637 1123 19.
656 1092 687 1105 -
706 1066 784 1122 Ante
804 1063 850 1135 alp
865 1071 918 1138 ipo
933 1071 995 1122 ἑλεῖν
1009 1064 1078 1126 Ald.
1098 1065 1168 1122 Bas.

180 1232 211 1289 p.
230 1220 279 1283 54,
299 1219 324 1275 3.
359 1217 433 1269 τουτὶ
447 1212 479 1268 τό
494 1212 547 1284 φός
564 1207 768 1289 ἰαιποδοῢντες]
803 1212 907 1279 Alexis
925 1233 971 1287 ap.
991 1213 1099 1271 Athen.
1119 1212 1174 1272 XI.
1193 1233 1222 1287 p.
1240 1218 1291 1273 463
1308 1213 1349 1275 D.

313 1374 316 1379 .
383 1326 533 1438 όφειμένους
549 1336 575 1385 ia
591 1329 639 1385 τοῦ
656 1330 780 1385 θανάτου
795 1334 838 1385 καὶ
852 1331 900 1385 τοῦ
916 1349 1020 1393 ονατους

383 1421 479 1483 ε1ς“ν
432 1445 479 1489 νυν
495 1420 644 1496 διατριβὴν,
660 1427 696 1484 εἰς
710 1418 748 1477 τό
766 1422 832 1492 pole
846 1444 874 1479 τε
889 1417 1009 1478 τοῦθΗ
998 1445 1014 1477 o
1009 1421 1068 1492 δὴ

384 1509 515 1587 όρῶμεν.

113 1655 174 1712 Pro
191 1656 374 1717 ἐπιποθοῦντες
394 1654 468 1710 male
485 1654 612 1726 conjecit
628 1650 782 1725 Wyttenb.
800 1659 837 1709 ἔτι
853 1652 1012 1721 ποθοῦντες,
1029 1672 1057 1711 v.
1074 1654 1151 1713 Plut.
1171 1656 1224 1716 vit.
1243 1656 1358 1732 Philop.
1377 1677 1404 1716 e.

114 1747 198 1804 XXI.
216 1748 251 1804 de
269 1747 374 1803 exsilio
392 1766 419 1821 p.
439 1752 488 1805 691
506 1744 543 1805 D.
563 1744 598 1801 de
612 1744 699 1817 Pyth.
718 1765 798 1802 orae.
814 1765 845 1821 p.
863 1751 914 1803 499
932 1747 970 1805 D.
996 1765 1057 1803 non
1076 1766 1164 1822 posse
1183 1750 1323 1809 suaviter.
1343 1752 1405 1807 vivi

112 1858 172 1897 aec.
193 1840 278 1913 Epic.
295 1858 325 1914 p.
342 1844 409 1899 1998
427 1842 465 1899 Α.
499 1839 574 1898 Plat.
593 1838 715 1913 Protag.
734 1859 764 1914 p.
778 1843 829 1897 399
846 1840 883 1897 D.
903 1840 938 1895 de
955 1840 1032 1915 legg.
1050 1840 1105 1898 tx.
1123 1861 1153 1916 p.
1167 1848 1216 1899 855
1234 1842 1268 1900 E.
1299 1842 1403 1917 Symp.

111 1951 143 2007 p.
161 1941 212 1992 294
230 1935 270 1992 D.
288 1950 305 1990 e
321 1931 417 1991 libris.
436 1933 502 1992 Ast.
522 1933 560 1991 ad
576 1933 704 1992 Phaedr.
721 1953 752 2007 p.
769 1941 831 1992 984.
859 1931 963 1991 stallo.
983 1933 1021 1991 ad
1038 1932 1073 1988 de
1090 1951 1154 2007 rep.
1178 1933 1233 1995 IX.
1249 1953 1279 2008 p.
1297 1942 1347 1994 671
1364 1937 1403 1996 Α.

180 2101 211 2157 p.
228 2086 280 2150 64,
303 2088 331 2142 4.
346 2066 349 2071 ’
365 2076 418 2136 οὔτ’
441 2083 505 2147 laet]
539 2078 698 2163 Wyttenb.
729 2079 765 2136 de
791 2097 845 2134 suo
869 2078 950 2156 dedit
975 2076 1033 2163 οὔτε
1053 2084 1118 2148 ἐκεῖ,
1143 2080 1246 2135 invitis
1268 2091 1296 2135 et
1317 2079 1404 2137 libris

112 2186 142 2233 et
159 2174 225 2233 edd.

178 2344 208 2400 p·
225 2331 273 2392 54,
292 2329 317 2382 5.
352 2331 379 2380 lv
400 2321 544 2398 θύραις-
560 2317 750 2396 κυλινδοῦνται]
783 2319 891 2376 Pollux
907 2318 1116 2387 VI,42,188.
1153 2319 1310 2392 ἑταιριοοόρς,
1327 2323 1403 2393 νιερ1

112 2417 159 2481 τός
181 2419 231 2474 τῶν
251 2417 357 2490 ἔταιριῖν
381 2416 492 2485 &ipae
515 2419 811 2485 νενυλινδηριένος,
837 2418 869 2469 όν
894 2412 1053 2483 οἰκήματι
1076 2413 1131 2476 ζῶν.
1165 2411 1318 2485 Xylander
1341 2431 1403 2468 non

112 2520 194 2567 recte
219 2511 325 2566 vertit:
353 2507 410 2565 tue
427 2528 547 2564 rursum
562 2505 768 2582 profugientes
785 2503 929 2576 adfores
948 2521 976 2561 et
993 2504 1154 2562 domicilio
1176 2524 1278 2561 recena
1302 2506 1402 2563 mari-

112 2618 255 2662 tatorum.
292 2597 407 2673 δομότια
429 2603 507 2657 enim
530 2610 598 2657 suut
621 2598 774 2667 cubiculo,
800 2597 961 2655 muliebria
978 2597 1144 2657 corteluvia.
1178 2580 1258 2656 Vide
1277 2598 1401 2660 Casauh.

113 2693 150 2750 ad
169 2688 365 2779 Theophrast.
384 2694 471 2753 Char.
495 2713 525 2769 p.
544 2699 602 2753 164.
638 2692 765 2750 Dorvill.
785 2691 895 2748 Charit.
920 2711 952 2766 p.
968 2699 1033 2751 468.
1069 2690 1114 2747 De
1137 2695 1310 2749 κυλινδεῖσθαι
1334 2693 1401 2749 vide

110 2766 314 2849 Ηεοιοῑόσλοαε.
335 2787 372 2844 ad
383 2787 457 2848 Lne.
471 2786 508 2843 T.
521 2786 545 2846 Ι.
560 2807 589 2861 p.
603 2794 645 2845 71.
664 2785 734 2843 Balt.
752 2784 789 2841 ad
802 2770 954 2844 Cleomed.
970 2802 1001 2859 p.
1013 2790 1075 2843 449.
1094 2783 1233 2841 Dindorl.
1252 2785 1290 2841 ad
1305 2785 1402 2844 Isocr.

110 2880 259 2956 Panegyr.
277 2902 306 2955 p.
325 2888 370 2941 98.
404 2879 488 2938 Held.
506 2879 544 2936 ad
561 2880 638 2937 Plut.
657 2879 765 2938 Timol.
784 2898 814 2953 p.
832 2885 894 2938 464.

179 3051 209 3107 p.
228 3039 278 3099 64,
296 3035 322 3090 6.
359 3027 509 3102 δυσόνειρα]
544 3028 588 3083 Ita
611 3028 779 3085 emendavit
801 3026 957 3102 Wyttenh.
977 3046 993 3084 e
1011 3028 1043 3088 B.
1063 3027 1098 3085 E.
1123 3027 1212 3103 idque
1232 3026 1403 3097 conjectura

112 3134 265 3181 assecutus
282 3133 347 3180 erat
370 3122 470 3179 Reislt.
504 3120 601 3192 Vulgo
618 3119 738 3191 δόσοναρ.
771 3121 849 3176 Νοοι
866 3122 955 3177 alieni
974 3131 1043 3177 sunt
1062 3123 1196 3196 generis,
1214 3137 1289 3195 quae
1305 3120 1404 3176 attulit

112 3214 243 3274 Lobeclt.
261 3217 372 3288 Phryn.
390 3234 420 3289 p.
438 3219 508 3280 413,
526 3219 603 3268 utel
624 3212 686 3281 όναρ
707 3222 860 3284 φαντασίαι,
884 3211 916 3268 τό
932 3212 996 3284 ὄναρ
1019 3213 1150 3286 θεάματα.
1183 3214 1260 3271 Ρ1111.
1282 3213 1318 3269 (le
1335 3213 1402 3270 aud.

112 3319 193 3385 poet.
211 3328 240 3383 p.
260 3315 294 3368 15
310 3307 345 3366 Β.
375 3307 571 3377 δυσόνειρον
595 3311 622 3360 dl
647 3305 726 3361 όπνον
745 3318 827 3373 ποιεῖ,
854 3296 996 3379 portantes·
1016 3305 1167 3379 ταραχώδεις
1188 3312 1232 3364 ναὶ
1250 3304 1404 3370 ἀλλοκότους

113 3401 252 3481 δεχόμενον.
287 3399 389 3473 Symp.
408 3399 529 3471 Quaest.
547 3399 637 3466 VIII,
658 3407 699 3458 10.
726 3419 756 3474 p.
775 3408 825 3458 134
847 3399 881 3459 F.
915 3398 1055 3471 βρωμάτιον
1085 3407 1137 3455 ἔνια
1162 3397 1338 3473 δυσόνειρα
1360 3406 1403 3454 ναὶ

112 3492 249 3563 ταρακτικὰ
269 3488 397 3547 τῶνκαθ’
415 3490 599 3564 iatraliptae.
634 3492 677 3548 De
700 3507 774 3569 sent.
797 3494 873 3565 prof.
893 3493 924 3549 in
947 3493 1015 3550 9111.
1035 3512 1065 3567 p.
1088 3492 1175 3555 811).
1204 3501 1242 3556 οἷς
1263 3490 1308 3549 οὖν
1324 3491 1404 3556 οὗτος

112 3583 263 3655 εὐόνειρα
289 3591 332 3641 καὶ
351 3583 422 3654 φανὰ
441 3592 484 3640 καὶ
503 3584 594 3641 iluna.
628 3583 784 3641 Jamblich.
803 3585 839 3643 V.
859 3586 892 3642 Ρ.
917 3593 961 3645 65.
986 3593 1046 3645 114.
1083 3585 1185 3661 Symp.
1204 3586 1324 3658 Quaesl.
1344 3585 1402 3647 VI.

112 3681 177 3736 init.
197 3680 296 3753 [1686
315 3679 346 3734 B.
366 3685 405 3740 αἷς
422 3676 498 3733 ὕπνοι
513 3702 540 3734 τε
559 3683 674 3752 καθαροὶ
694 3683 737 3732 καὶ
754 3674 994 3751 βραχυόνειροι
1010 3686 1148 3751 φαντασίαι
1164 3662 1337 3733 -1νιονται.’
1356 3678 1400 3734 De

112 3772 299 3830 oracul.'·def.
319 3791 347 3844 p.
365 3776 415 3829 437
431 3771 465 3829 F.
484 3769 565 3844 οἵσπερ
587 3767 620 3826 αὗ
638 3768 712 3826 πόλιν
727 3764 743 3840 ἦ
761 3769 812 3824 τόν
826 3770 1009 3842 μελαγχολικῶν
1030 3769 1249 3843 πολυόνειρος
1263 3778 1307 3826 νον)
1321 3776 1401 3826 πολυ-

111 3865 271 3940 φάνταστος,
295 3871 317 3923 εἰ
336 3871 378 3921 ναὶ
397 3868 466 3921 δοκεῖ
479 3864 510 3921 τό
530 3862 754 3937 εόδυόνειρον
771 3860 857 3925 αὐτοῖς
872 3859 1002 3937 ὕαόρχειν.

176 4036 205 4091 p.
225 4021 275 4084 84,
301 4020 327 4075 6.
363 4004 566 4087 φαντασμάτια]
598 4013 757 4087 Eleganter
781 4011 957 4069 Plutarchus
981 4014 1013 4068 iu
1038 4030 1103 4068 rem
1130 4030 1213 4068 suana
1238 4012 1400 4078 conventit,

111 4128 186 4184 quae
206 4110 290 4176 Pleto
312 4112 343 4167 in
361 4109 472 4167 Phaed.
489 4128 519 4182 p.
538 4116 571 4167 81
591 4107 625 4167 C.
643 4107 680 4165 D.
710 4105 746 4162 de
770 4106 808 4161 iis
832 4105 925 4172 dicit,
953 4106 1005 4181 qui
1025 4106 1057 4161 iu
1077 4106 1247 4180 superiores
1264 4104 1402 4178 regiones
1449 4099 1452 4105 ’

110 4202 219 4269 delati.
232 4192 290 4259 ¹sed
305 4202 435 4260 nondum
452 4203 524 4258 satis
540 4202 677 4276 purgati,
695 4203 758 4256 aeri
774 4197 816 4255 ibi
834 4217 955 4267 rerum,
975 4216 1049 4274 quae
1068 4200 1196 4256 interra
1220 4208 1305 4265 sunt,
1323 4196 1403 4253 desi-

111 4294 194 4349 derio
208 4304 360 4364 tenentur,
377 4296 418 4352 ita
431 4305 464 4350 ut
475 4296 532 4352 hue
544 4295 658 4350 reversi
676 4295 756 4349 cirea
772 4292 915 4360 tumulos,
936 4290 1023 4348 busta
1039 4301 1209 4358 versentur,
1227 4300 1260 4345 ut
1276 4299 1403 4363 spectra.

110 4386 169 4443 Sed
186 4388 291 4463 dignus
308 4399 353 4444 est
367 4399 447 4446 totus
468 4389 571 4457 locus,
596 4389 646 4463 qul
667 4384 873 4442 adscribatur:
907 4392 1028 4458 ἐμβριθὲς
1050 4388 1080 4441 δι’
1093 4408 1122 4457 χε
1143 4416 1178 4428 -
1200 4383 1278 4439 τοῦτο
1300 4388 1402 4438 οἴεσθαι

108 4478 159 4551 χρὴ
180 4484 243 4536 εἶναι
262 4484 312 4549 οιαὶΙ
325 4478 390 4554 βαρὺ
414 4486 457 4537 ναὶ
477 4482 567 4554 μεόδες
586 4484 630 4535 ναὶ
651 4475 760 4553 ὁρατόν·
791 4476 810 4534 ό
832 4478 862 4550 δὴ
888 4484 932 4534 καὶ
952 4485 1045 4549 ἔχουσα
1066 4475 1083 4547 ἦ
1106 4475 1211 4546 τοιαύτη
1233 4475 1301 4548 ψυχὴ
1321 4473 1402 4546 βορό-

105 4580 177 4630 νεταλ
191 4596 218 4630 τι
234 4577 277 4630 καὶ
292 4566 386 4631 ΐλνεται
402 4572 477 4632 πόλιν
492 4581 527 4640 εἰς
542 4574 589 4631 τόν
606 4569 698 4647 όρατόν
712 4572 806 4642 τόπον,
825 4569 896 4645 φόβῳ
913 4571 963 4627 τοῦ
977 4570 1078 4634 ἀειδοῦς
1093 4593 1120 4627 τε
1141 4575 1183 4626 καλ
1199 4569 1300 4640 Ἅιδου,
1317 4566 1399 4637 ὅσπερ
1430 4476 1477 4666 Ι
