3036 4994
170 228 228 301 na

161 395 283 452 terehns
301 411 353 451 sna
371 393 461 452 verba
474 393 690 452 Anacreonteis
708 391 914 458 admiscuisse,
935 406 1031 468 neque
1048 387 1138 448 verba
1156 388 1216 447 οδδλ
1229 387 1315 462 μόρον
1326 385 1461 450 siriniensi

164 489 258 562 ipsius
278 505 344 544 esse
360 499 479 562 poetae,
499 489 549 564 qni
565 487 621 542 hoe
639 488 702 542 leno
718 485 805 543 modo
822 485 936 544 locutus
952 493 1049 540 esset:

464 602 545 675 Ἐροις
564 610 705 677 παρθένιος
722 601 799 674 πόθῳ

466 703 582 769 Στίλβιιν
597 703 642 754 καί
656 703 831 769 γεγανωμένος.

162 821 226 894 Qua
243 821 274 877 in
291 835 325 876 re
342 818 390 874 air
408 815 603 872 amicissimus
625 832 670 870 me
688 813 911 871 dissentientem
929 811 1028 873 habet.
1063 812 1223 869 Anacreon
1246 813 1325 868 enim
1352 809 1458 885 ntique

162 916 188 972 si
213 931 274 970 non
292 918 336 967 καὶ
352 909 439 983 μόρον
457 905 601 973 ἆνότλεος,
634 906 686 963 aed
708 918 787 962 certe
806 912 850 962 καί
873 905 944 979 μόρῳ
963 914 1118 978 κεχρισμένος
1140 904 1187 962 vel
1205 905 1262 961 tale
1288 903 1359 980 quid
1379 905 1459 960 scri-

159 1005 256 1079 psisse
274 1002 402 1068 videtur,
423 999 502 1077 quod
519 999 694 1058 concludere
715 1019 769 1075 μου
789 1010 835 1056 est
856 1011 885 1056 et
908 996 1033 1076 aequam
1058 1017 1096 1054 ex
1121 998 1457 1071 l’lnt.Qnaest.Sy1np.

159 1096 223 1162 Ill,
241 1105 267 1155 6.
286 1115 314 1168 p·
332 1099 384 1154 554
401 1094 435 1152 E.
452 1100 509 1148 τίνα
528 1101 577 1163 έχει
594 1093 685 1165 λόγον,
710 1091 761 1149 ἀπὸ
779 1097 879 1149 δείπνου
897 1100 944 1165 μὲν
961 1091 1055 1163 ἥκοντα
1073 1099 1313 1165 γεγανωμένον,
1336 1087 1367 1144 όν
1389 1089 1458 1146 οὕτω

159 1186 238 1262 τόχρ,
264 1195 388 1260 στέφανον
406 1189 541 1260 κομίζοντα
564 1192 607 1242 καὶ
627 1184 723 1260 μόρῳ
746 1193 990 1260 κεχρισμένον
1013 1182 1208 1258 ἀποστραφέντα
1227 1190 1269 1239 καλ
1289 1181 1457 1255 συγκαλυψά-

159 1303 235 1354 μενον
263 1277 403 1336 καθεύδειν.
442 1285 691 1350 γεγανωμένος
722 1297 795 1334 vero
823 1279 947 1343 dicitur.
976 1279 1026 1354 qni
1049 1276 1168 1333 laetitia
1194 1274 1335 1350 perfusus
1362 1275 1457 1350 ρυοεί

159 1373 234 1430 nitet
253 1386 281 1427 ει
297 1372 485 1428 hilaritatem
505 1372 585 1427 υυίιυ
604 1371 763 1446 traditaque
781 1370 893 1441 refert,
916 1372 1076 1443 interprete
1094 1369 1247 1442 Wyttenb.
1268 1368 1305 1425 ad
1325 1369 1400 1426 Plut.
1420 1368 1456 1425 de

159 1473 234 1525 rect.
252 1463 318 1522 aud.
338 1473 397 1522 rat.
415 1483 444 1537 p.
460 1471 494 1522 42
505 1462 540 1522 Β.
559 1481 589 1520 ν.
607 1462 678 1522 Intt.
693 1460 730 1518 οδ
745 1464 850 1520 Τλτουι.
860 1462 940 1536 Mag.
954 1482 983 1537 μ.
1003 1470 1064 1521 178.
1098 1461 1186 1534 Quod
1204 1463 1324 1519 veroin
1346 1463 1458 1518 carmi-

159 1554 265 1621 nibus,
301 1573 374 1631 qnae
400 1553 454 1611 sub
481 1557 681 1614 Anacreontis
710 1555 829 1610 nomine
855 1554 1123 1622 circumferuntur,
1151 1559 1181 1611 λέ
1207 1574 1254 1630 ορ.
1284 1553 1455 1616 lllehlhorn.

159 1666 189 1720 p.
208 1654 268 1708 ιιι.
287 1657 332 1703 est

496 1740 538 1796 διὰ
555 1739 643 1803 νυκτός
660 1716 821 1812 έγκαθεόδοιν

493 1829 681 1906 ἆλιπορφόραις
695 1830 790 1902 τάπησι

493 1931 744 1996 γεγανυμένος
763 1929 898 1995 Aeaco..

159 2031 190 2090 id
209 2032 298 2109 alium
314 2031 403 2090 habet
419 2050 556 2100 sensnm,
579 2049 674 2108 neque
691 2042 778 2119 recte
793 2033 913 2091 Barnea.
938 2030 980 2089 ibi
995 2032 1054 2108 legi
1071 2031 1153 2106 jubet
1169 2039 1348 2105 γεγανωμένος.

226 2201 256 2256 ρ).
275 2189 309 2249 8,
329 2188 371 2242 18.
406 2180 506 2252 ἦπου]
539 2179 608 2250 ἦπου
631 2180 699 2237 Ald.
719 2178 789 2238 Bas.

221 2348 254 2403 p.
273 2339 303 2397 8,
323 2336 365 2388 19.
398 2335 439 2385 καλ
455 2339 568 2401 γενναῖον
581 2325 778 2401 ἐγκελευόμενον]
812 2328 987 2400 έγκελεὺεσθαι
1008 2347 1075 2391 voe.
1092 2348 1194 2405 propr.
1213 2329 1248 2386 de
1267 2328 1442 2386 buccinato-

157 2419 259 2486 ribus,
295 2421 348 2495 qui
368 2421 529 2477 classicum
547 2436 665 2477 εαυυιιε.
696 2419 734 2480 V.
759 2421 830 2477 l'lnt.
854 2424 904 2478 vit.
918 2422 1047 2479 Aristid.
1072 2440 1097 2477 ε.
1115 2422 1197 2478 XXI.
1223 2427 1308 2481 Anat.
1331 2418 1454 2481 xxlx·

157 2528 257 2586 praee.
287 2514 362 2584 reip.
392 2530 454 2586 ger.
480 2532 508 2583 μ.
527 2519 575 2572 801
601 2511 634 2568 F.
667 2512 823 2568 Translate
847 2515 935 2570 etiam
956 2515 987 2569 in
1013 2514 1058 2569 De
1081 2517 1169 2587 Pyth.
1195 2534 1276 2574 orae.
1303 2535 1330 2590 p.
1346 2523 1398 2574 402
1417 2517 1452 2574 F.

157 2603 200 2659 διὰ
219 2603 266 2659 σοῦ
283 2607 310 2658 δὲ
328 2599 405 2666 οὗθις
421 2609 455 2666 είς
474 2608 627 2676 φιλοσοφίαν
641 2603 755 2673 ποιητικὴ
770 2601 889 2672 κάτεισιν,
912 2604 1034 2680 ὄρθιον
1049 2613 1092 2663 καὶ
1110 2617 1265 2679 γενναῖον
1283 2614 1454 2681 ἐγκελευο-

158 2703 198 2768 μέ
203 2718 238 2766 νη
258 2703 312 2758 τοῖς
330 2702 402 2758 νέοις.
653 2703 656 2707 ’

225 2866 255 2921 μ.
274 2855 303 2912 8,
320 2851 364 2906 23.
399 2839 432 2908 ὦς
451 2849 494 2900 καὶ
514 2843 603 2900 Σόλων
620 2836 754 2916 κατέβαλε]
789 2844 865 2903 Plnt.
889 2848 941 2907 vit.
961 2847 1064 2908 Solon.
1086 2867 1113 2907 e.
1134 2851 1158 2908 Ῑ.
1183 2849 1283 2925 νόμου,
1309 2853 1339 2910 όν
1355 2861 1452 2928 ἔγραψε

158 2938 339 3013 διαγορεύοντα
361 2940 483 2994 δοῦλον
507 2936 547 3010 μη
572 2944 790 3013 ξηραλοιφεῖν
811 2945 874 3011 μηδὲ
893 2946 1145 3015 παιδεραστεῖν,
1175 2950 1209 3008 είς
1228 2946 1275 3014 την
1295 2949 1345 3001 τῶν
1369 2948 1453 3003 καλῶν

156 3037 249 3106 μερίδα
275 3036 318 3086 καὶ
340 3032 433 3102 σεμνῶν
448 3030 647 3103 έπιτηδευμάτιυν
668 3039 802 3104 τιθέμενος
819 3033 850 3088 τὸ
869 3033 987 3107 πρᾶγμα,
1011 3041 1055 3091 καί
1075 3033 1172 3106 τρόπον
1197 3038 1263 3093 τινὰ·
1280 3039 1339 3102 τοὺς
1363 3037 1452 3104 ἀξίους

157 3122 377 3197 προκαλούμενος,
402 3121 436 3177 όν
454 3122 514 3185 τοὺς
531 3118 647 3187 ἀναξίους
662 3121 794 3195 ἀπήλαυνε.
826 3125 906 3201 Sept.
926 3127 993 3202 Sap.
1009 3127 1103 3187 Conv.
1124 3150 1154 3204 p.
1173 3137 1224 3190 152
1240 3131 1278 3191 D.
1311 3135 1451 3206 Aesopus

158 3215 196 3273 ad
220 3216 359 3273 Solonem
385 3213 418 3278 ὧς
440 3213 552 3288 έγριιιρας
576 3214 709 3290 Ἀθήνῃσιν
736 3224 875 3282 οἰκέτας
896 3219 940 3292 μδρ
963 3220 1065 3293 έρᾷν,
1101 3224 1166 3292 μηδὲ
1191 3227 1449 3297 ξηραλοιφεῖν.

156 3309 243 3366 Hanc
256 3309 371 3366 Solonis
387 3308 499 3383 legem,
518 3312 628 3378 amoris
642 3312 789 3366 mentione
807 3314 1031 3385 praetermissa,
1050 3326 1192 3371 memorat
1207 3318 1295 3373 etiam
1303 3318 1448 3378 Aesonia.

158 3402 225 3459 adv.
245 3401 395 3459 Timarch.
423 3405 465 3459 56.
496 3400 625 3457 δοῦλόν
647 3425 722 3474 φησιν
740 3401 846 3476 ὁνόμος
868 3403 1170 3479 μόργυμνόζεσθαι
1196 3415 1451 3485 μηδὲξηραλοι-

157 3503 241 3567 φαεν
260 3500 286 3549 έν
304 3503 360 3556 ταῖς
377 3498 550 3566 παλαίστραις.
583 3495 662 3552 Vide
683 3495 797 3572 lllenag.
817 3499 855 3554 ad
873 3499 962 3575 Diog.
982 3499 1085 3556 Laert.
1104 3500 1136 3569 Ι,
1154 3508 1197 3561 58.
1233 3503 1391 3575 Wyttenb.
1411 3504 1450 3562 ad

158 3585 235 3643 Plnt.
254 3584 336 3659 Sept.
361 3585 430 3660 Sap.
453 3586 545 3643 Conv.
569 3587 589 3644 1.
611 3606 639 3646 c.
675 3590 844 3647 Posteriore
867 3591 983 3648 demum
1004 3603 1136 3668 tempore
1155 3595 1230 3650 eiam
1250 3597 1286 3663 ii,
1312 3598 1449 3672 quinon

157 3687 257 3733 essent
279 3678 358 3734 cives
381 3679 501 3735 admissi
520 3680 657 3737 videntur
674 3700 744 3742 esse.
775 3703 803 3741 υ.
822 3684 855 3744 C.
873 3685 924 3746 Fr.
943 3686 1104 3744 Hermann.
1126 3687 1280 3746 Letirtnch
1298 3689 1351 3745 der
1367 3691 1454 3763 grie·

108 3766 128 3787 ''
158 3769 298 3827 eliachin
314 3771 619 3831 Staotsaltertln'imer.
649 3785 673 3838 a.
693 3781 754 3835 118.
773 3797 802 3851 p.
817 3783 878 3837 222.

223 3938 254 3994 p.
272 3924 304 3986 8,
321 3925 366 3980 28.
401 3918 500 3984 δούλοις
517 3929 563 3996 μὲν
578 3921 642 4000 γὰρ]
664 3922 714 3999 γὰρ
731 3944 798 3982 enm
817 3926 973 4001 Wyttcnb.
988 3947 1026 3986 ex
1039 3935 1069 3986 Ε.
1087 3929 1191 4002 adieci.
1226 3930 1293 3991 Jsm
1310 3933 1452 3994 Reiskius

159 4021 209 4068 aut
228 4010 256 4075 ὅς
278 4012 443 4069 addendum
462 4025 529 4071 ante
549 4013 666 4086 δούλοις,
690 4029 741 4076 ont
759 4020 807 4094 γὰρ
823 4031 890 4095 post
905 4028 953 4093 μὲν
973 4022 1170 4083 intellexerat.

224 4180 254 4234 p.
273 4170 308 4228 8,
325 4154 369 4222 θεέ.
403 4162 576 4237 ξηραλοιφεῖν]
601 4166 692 4224 Sicca
710 4168 811 4225 cinctio
827 4179 873 4226 est
890 4168 953 4228 oleo
969 4172 1089 4240 unctio,
1105 4191 1161 4229 nec
1180 4184 1278 4232 tamen
1295 4178 1326 4233 in
1338 4175 1449 4235 balneo

157 4262 272 4326 etpost
289 4253 461 4325 lavacrum,
490 4257 542 4315 sed
562 4257 615 4315 snb
636 4260 684 4316 dio
707 4263 794 4320 lacto.
829 4261 904 4318 Plat.
931 4264 1050 4321 Phaedr.
1079 4284 1110 4339 p.
1127 4272 1180 4324 239
1199 4268 1233 4326 C.
1259 4267 1319 4326 οὐδ’
1340 4276 1366 4326 έν
1384 4269 1451 4343 ἡλίῳ

155 4347 265 4417 καθαρῷ
290 4354 479 4421 τεθραμμένον,
510 4345 562 4405 ἄλλ’
592 4349 641 4407 ὕπὸ
669 4363 785 4426 συμμιγεῖ
809 4355 885 4424 σκιᾷ,
914 4358 997 4413 πόνιιν
1021 4365 1068 4430 μέν
1088 4354 1208 4434 ἅνδριίυν
1232 4370 1275 4419 καλ
1300 4364 1448 4438 λδριότον

154 4437 262 4509 ξηρόν
287 4436 403 4509 ἄπειρον,
425 4448 541 4514 έμπειρον
564 4446 590 4500 δὲ
610 4441 708 4513 ἁπαλῆς
730 4452 773 4501 καλ
794 4441 924 4520 ἀνάνδρου
943 4454 1052 4520 διαίτης,
1081 4458 1168 4527 quem
1190 4452 1290 4513 locum
1312 4460 1448 4533 respexit

102 4540 109 4557 ·
157 4528 292 4590 naioth.
313 4531 351 4589 ad
369 4531 404 4594 11.
425 4532 449 4590 l.
471 4553 501 4610 ρ,
522 4537 580 4594 164.
614 4535 731 4600 Confer.
750 4538 908 4612 Wyttenh.
926 4541 965 4601 ad
980 4542 1054 4605 elue.
1074 4542 1094 4600 l.
1114 4563 1141 4602 e.
