3036 4994
134 349 165 405 p.
183 335 232 398 52,
252 337 279 390 5.
313 333 415 399 ἴχνεσιν]
450 331 608 404 Wyrtenb.
627 333 738 388 mavult
756 329 860 405 eriperem
877 340 927 388 aut
944 336 1035 394 1λωσιν.

134 482 165 553 Ρ”.’
183 488 232 546 52,
251 487 275 537 7·
309 482 489 553 περισπῶντες]
523 481 621 538 Reisk.
640 481 704 537 vult
721 492 771 536 aut
787 480 961 552 περιστάντες,
978 493 1028 537 aut
1044 489 1213 556 περιέποντες,
1231 493 1262 541 et
1278 497 1347 560 post

67 571 250 642 superuenire,
268 570 424 644 Wyttenh.
443 583 539 629 eutem
558 575 708 645 σκιρτῶντες.
742 573 864 647 περισπάν
882 574 911 631 h.
929 572 950 628 1.
965 573 1080 630 videtur
1101 594 1165 631 esse
1182 576 1345 651 περιβάλλειν,

66 662 237 738 complecti,
254 665 403 739 amplecti.

106 866 108 877 ,
133 831 162 886 Ρ.
181 819 232 879 52,
251 820 278 870 7.
312 811 471 881 εὐπαθοῦσι]
505 814 636 872 Verbum
657 813 781 872 εὐπαθεῖν
805 816 940 872 suaviter
962 815 1061 888 affici,
1088 817 1236 891 voluptate
1255 817 1343 889 frui,

62 904 111 960 hic
129 905 248 979 quidem
270 923 285 961 e
306 907 380 962 Plat.
403 907 528 966 Phaedr.
554 927 584 982 Ρ.
603 915 652 965 217
671 909 707 964 D.
743 909 832 963 ἰδοῦσα
855 907 898 963 διά
913 909 1018 981 ’χρόνον
1042 907 1072 964 τὸ
1095 909 1124 964 ὅν
1143 907 1229 981 ripuar}
1253 936 1280 967 τε
1304 921 1346 969 καὶ

60 998 196 1071 θεωροῦσα
214 996 316 1070 τάληθῆ
335 1007 455 1073 τρέφεται
476 1007 519 1056 καὶ
534 999 676 1057 εὖπαυεῖ
693 1012 880 1074 susceptum,
898 1002 1121 1059 illustraverunt
1137 1003 1292 1074 Wyttenb.
1311 1007 1348 1063 ad

61 1088 136 1146 PIut.
157 1094 295 1166 apophth.
313 1111 377 1168 reg.
395 1105 425 1148 et
443 1093 509 1155 duc.
528 1111 558 1168 p.
573 1101 622 1152 176
640 1093 673 1150 B.
693 1093 823 1151 Loheeh.
842 1095 953 1167 Phryu.
971 1113 1001 1168 p.
1018 1103 1080 1155 265.
1115 1095 1194 1152 Bake
1212 1096 1249 1153 ad
1261 1097 1346 1153 Cleu-

59 1182 136 1241 med.
153 1202 183 1258 p.
202 1190 264 1245 428.
299 1185 407 1246 Baehr.
426 1187 503 1244 Plut.
522 1187 633 1260 Pyrrh.
651 1206 680 1261 p.
699 1192 760 1245 206.

126 1350 157 1406 Ρ.
176 1337 224 1398 52,
242 1340 269 1390 7.
303 1334 335 1408 τῇ
350 1333 433 1407 μνήμῃ
449 1340 492 1391 καὶ
507 1333 698 1409 ἀναλάμπουσι]
728 1336 812 1394 Haec
830 1335 920 1393 verba
937 1339 1050 1411 primus
1063 1337 1221 1410 Wyttenb·
1238 1339 1347 1413 adjerit

60 1425 129 1482 eB.
147 1426 182 1484 E.
217 1422 348 1482 Verbum
364 1422 518 1495 άναλάμπων
534 1427 684 1502 eleganter
701 1429 729 1485 h.
746 1429 765 1484 I.
793 1427 956 1485 adhibitum
978 1450 996 1486 ο
1013 1431 1089 1487 Plut.
1108 1433 1192 1505 cujus
1209 1433 1270 1487 vim
1286 1451 1348 1488 nou

62 1529 218 1574 essecutus
234 1517 409 1591 Wyttenb.;
438 1529 484 1575 est
505 1521 583 1575 enim
606 1538 692 1594 saepe
716 1542 731 1575 e
754 1521 885 1595 deliquio
907 1523 950 1576 ad
972 1542 1003 1578 se
1020 1523 1138 1589 redire,
1163 1533 1226 1579 tum
1244 1523 1346 1594 refici,

62 1611 207 1670 recreari.
243 1612 320 1667 Plut.
338 1613 390 1669 vit.
410 1610 493 1670 Brut.
519 1632 545 1670 c.
564 1612 637 1670 XV.
667 1609 697 1669 eri
722 1613 773 1684 μὴν
797 1611 851 1668 ἀλλ’
874 1622 967 1684 ἐκείνην
984 1622 1030 1686 μλν
1053 1614 1299 1689 ἀναλάμψασαν
1321 1626 1346 1673 ἐν

60 1711 153 1776 βραχεῖ
174 1709 218 1760 καὶ
238 1700 297 1777 παρ’
320 1706 395 1778 ἑαυτῇ
417 1716 549 1776 γενομένην
571 1712 599 1760 αἱ
617 1714 730 1777 γυναῖκες
750 1705 913 1780 ἐθεράπευον.
948 1705 1051 1784 Symp.
1078 1708 1200 1780 Quaest.
1227 1710 1291 1781 VI,
1319 1722 1346 1770 8.

66 1815 97 1870 p.
115 1803 167 1855 604
182 1796 215 1854 F.
232 1826 268 1840 -
284 1796 361 1853 Tum
376 1795 442 1855 ΑΜ.
461 1793 570 1860 ahohi.
860 1826 864 1831 -

604 1973 710 2053 Caput
730 1976 810 2039 XX.

128 2150 158 2204 Ρ.
177 2137 225 2197 52,
244 2135 286 2188 10.
321 2132 513 2204 προσπαΙζΜες
530 2159 560 2174 -
578 2131 612 2198 τῷ
630 2131 700 2198 θεῷ]
734 2127 869 2185 Verbum
889 2134 1049 2203 προσπαίζειν
1078 2133 1252 2188 Plutarchus
1278 2151 1345 2190 cum

62 2223 162 2280 dativo
179 2224 300 2299 jungere
321 2223 414 2290 solet,
432 2243 461 2284 v.
479 2240 506 2280 e.
542 2221 662 2292 Quaest.
689 2221 794 2296 Syrnp.
814 2223 988 2289 V11‚s,s.
1016 2244 1046 2298 p.
1064 2231 1113 2282 700
1130 2226 1167 2283 Α.
1198 2225 1239 2288 ih.
1265 2237 1288 2285 7.
1315 2248 1344 2303 Ρ.

62 2324 114 2374 710
130 2315 165 2374 Ε.
185 2312 247 2384 IX,
265 2321 298 2382 5,
315 2320 343 2373 2.
360 2333 389 2389 Ρ.
409 2322 460 2372 740
476 2314 511 2372 Β.
545 2315 762 2389 Apophthegm.
781 2334 810 2389 Ρ.
831 2322 878 2373 107
896 2316 933 2375 D.
952 2316 988 2373 de
1006 2318 1122 2377 socrat.
1142 2322 1228 2394 genio
1246 2340 1275 2394 p.
1294 2329 1345 2380 570

62 2411 115 2477 G..
140 2411 226 2469 Plato
255 2429 322 2466 cum
347 2411 536 2476 accusativo,
565 2429 594 2467 v.
613 2429 639 2465 e.
665 2410 790 2465 Phaedr.
818 2430 846 2485 p.
866 2417 916 2468 265
941 2412 979 2469 D.
1013 2410 1148 2485 Epinom.
1179 2433 1208 2484 p.
1227 2422 1279 2472 080
1305 2418 1343 2471 Α.

62 2503 239 2574 Euthydem.
268 2523 296 2578 Ρ.
313 2509 367 2563 265
384 2502 422 2561 Α.
445 2513 479 2559 ut
504 2521 519 2558 e
544 2501 629 2559 libris
653 2505 831 2561 restitutum.
864 2504 939 2559 Nem
956 2508 986 2560 in
1005 2504 1073 2565 libr.
1092 2506 1126 2561 de
1146 2506 1221 2583 legg.
1240 2506 1292 2565 VI.
1312 2527 1343 2581 p.

62 2603 112 2654 778
129 2596 166 2653 A.
185 2597 318 2655 absolute
337 2596 453 2654 videtur
469 2596 661 2672 capiendum,
679 2607 712 2653 ut
734 2597 773 2657 II.
797 2619 826 2672 p.
845 2604 896 2657 655
913 2598 947 2654 Ε.
973 2598 1011 2657 Χ.
1031 2606 1063 2672 Ρ.
1079 2604 1129 2658 685
1147 2599 1179 2656 C.
1218 2601 1289 2657 Vide
1308 2601 1343 2657 de

62 2691 92 2749 h.
110 2709 139 2748 v.
160 2690 228 2749 Ast.
251 2689 290 2747 ib.
314 2695 518 2767 praetere.
539 2691 625 2748 etad
645 2691 771 2750 Phaedr.
799 2710 829 2765 p.
849 2699 911 2751 544.
945 2690 1077 2749 Lobeeh.
1095 2694 1207 2766 Phryn.
1234 2713 1263 2768 p.
1281 2699 1343 2754 463.

61 2781 185 2858 Beguet.
202 2784 239 2841 ad
256 2783 345 2845 Dion.
365 2783 470 2857 Chrys.
489 2782 577 2845 VIII.
594 2804 623 2859 p.
642 2792 686 2845 54.

128 2954 158 3008 Ρ.
175 2942 222 3003 52,
242 2941 281 2995 11.
313 2935 517 3008 ἐπικωμάζοντες]
551 2934 687 2990 Reishius
705 2944 814 2990 temere
835 2933 897 2989 vult
912 2933 1111 3006 ἐγκωμιάζοντες.

127 3103 159 3158 Ρ.
177 3090 227 3152 52,
246 3092 289 3143 14.
323 3083 408 3150 θεῶν]
445 3086 521 3138 θινῶν
539 3084 571 3139 B.
592 3083 627 3143 E.
646 3081 713 3142 Ald.
735 3084 800 3140 Bas.
818 3113 852 3146 ,-
875 3083 914 3138 Ηὶ
937 3102 1060 3149 versus,
1087 3085 1118 3138 in
1136 3081 1242 3157 quIbus
1263 3083 1345 3158 dige-

60 3176 162 3233 rendis
180 3187 298 3232 secutus
318 3194 383 3232 sum
400 3176 602 3235 Gaisfordium
619 3178 650 3233 in
670 3189 749 3250 poet.
768 3181 856 3243 min„
875 3179 978 3232 Alcaei
996 3187 1076 3240 sunt,
1098 3174 1176 3250 quod
1194 3172 1280 3230 nobis
1297 3176 1345 3229 in-

61 3269 159 3324 notuit
175 3269 380 3344 Etymologieo
398 3268 455 3326 Ms.
472 3269 609 3325 Parisino
628 3288 651 3326 s.
668 3268 776 3342 Ἵμερος·
800 3300 834 3312 -
855 3270 888 3324 τὰ
906 3267 977 3338 άνυη
993 3274 1107 3339 λέγουσιν
1121 3266 1223 3341 Ἵμερα,
1252 3273 1304 3323 ἐπεὶ
1320 3275 1346 3323 ἐν

60 3363 96 3431 τῷ
113 3368 168 3434 ἔαρι
184 3359 306 3433 φύονται,
332 3360 373 3417 ὅτε
391 3368 433 3418 καὶ
451 3361 484 3417 τά
502 3363 608 3433 ἐρωτικὰ
624 3360 769 3435 θερμάτερά
788 3371 847 3418 ἐστι.
879 3362 972 3416 τούτου
993 3359 1070 3434 χάριν
1093 3367 1135 3416 καὶ
1159 3357 1174 3416 ὃ
1198 3359 1346 3422 Ἀλκαῖος

62 3455 217 3528 Ζεφύρου
241 3459 294 3510 καὶ
315 3453 435 3527 Ἴριδος
454 3453 508 3509 τὸν
529 3453 657 3527 Ἔρωτα
682 3464 790 3527 φησίν.
824 3474 871 3528 ap.
894 3455 1033 3512 Valcken.
1057 3454 1152 3513 Diatr.
1179 3473 1209 3529 Ρ.
1228 3461 1287 3512 161.
1316 3474 1342 3510 a.

62 3567 149 3624 quem
166 3544 273 3622 Ἔριδος
291 3551 337 3614 (v.
362 3547 417 3602 Th.
443 3547 551 3622 Bergk.
571 3547 733 3606 comment.
757 3547 793 3604 de
818 3547 909 3619 Suph.
928 3548 1032 3623 fragm.
1056 3568 1086 3621 p.
1106 3552 1140 3606 10
1156 3550 1224 3622 sq.)
1244 3549 1346 3622 requi-

60 3651 175 3700 rentem
194 3641 311 3716 egregie
328 3641 468 3699 refutavit
485 3639 613 3698 Loheck.
632 3641 669 3697 ad
687 3639 778 3715 Soph.
801 3640 849 3714 Aj.
871 3661 900 3713 p.
915 3648 975 3699 162.
994 3641 1038 3696 ed.
1056 3641 1095 3699 11.
1115 3639 1211 3695 allatis
1228 3650 1345 3712 praeter

60 3745 195 3790 nostrum
216 3733 315 3791 locum
334 3733 443 3789 Nonne
468 3733 584 3793 XXXI.
610 3739 670 3792 110.
697 3746 726 3789 et
751 3733 904 3791 Eustathio
931 3752 963 3807 p.
990 3739 1051 3794 391.
1099 3735 1268 3806 Artageras
1298 3751 1345 3808 ap.

61 3827 150 3904 Diog.
167 3827 266 3887 Laert.
285 3828 338 3885 vit.
356 3826 458 3887 Craut.
477 3826 534 3895 IV,
554 3836 597 3887 27.
616 3827 652 3883 de
673 3819 782 3883 Amore

260 3944 277 4014 ἢ
294 3948 323 4001 σε’
336 3967 364 4016 με
380 3943 516 4019 Κύπριδος
532 3952 576 4000 υἷα
593 3949 655 4013 (ες.
672 3948 749 4009 ε’λπω)
773 3951 938 4017 περίφρονος.
954 3941 984 4013 ἦε
1000 3963 1027 3999 σε
1043 3947 1129 4014 γαίης,

262 4035 436 4110 ἤιἰνέμων·
460 4047 529 4100 τοῖος
548 4035 580 4093 σὺ
600 4036 662 4093 κακά
681 4044 795 4109 φρονέων
812 4034 945 4105 άλάλησαι.

61 4156 109 4210 De
123 4165 277 4211 ventorum
292 4156 321 4211 vi
340 4153 489 4212 animandi
514 4154 552 4211 ei.
572 4154 695 4209 Lucisn.
717 4150 769 4208 Bis
789 4154 900 4210 Aecus.
920 4169 946 4206 e.
965 4150 989 4204 I.
1014 4150 1134 4210 Jacobs.
1153 4151 1189 4206 ad
1209 4151 1344 4210 Philostr.

60 4247 153 4321 lulag.
168 4255 220 4308 256
237 4266 282 4323 sq.
316 4246 451 4309 Lobeck.
468 4247 614 4323 Aglaoph.
632 4247 658 4308 I.
678 4267 707 4320 Ρ.
727 4254 786 4305 760.
821 4246 889 4304 Ast.
907 4243 944 4300 ud
962 4243 1033 4300 I'Iat.
1051 4242 1086 4299 (le
1104 4242 1160 4316 leg.
1174 4263 1203 4316 p.
1217 4248 1277 4302 421.

128 4402 225 4470 pse,
244 4401 288 4455 15.
321 4392 440 4469 λμελνατ’]
475 4397 592 4471 Scripsi
615 4415 682 4452 eum
702 4395 796 4453 Gaisi,
833 4394 933 4474 Vulgo
950 4398 1060 4463 γείνατο.

128 4565 159 4620 Ρ.
175 4552 225 4618 52,
243 4551 285 4606 15.
318 4542 396 4620 Ἰρις]
430 4554 481 4622 λρις
497 4545 534 4608 Β.
550 4545 619 4606 AId.
638 4545 707 4605 Bas.
726 4556 755 4603 et
771 4545 860 4604 iisIern
878 4544 921 4601 sie
939 4560 1054 4617 semper
1071 4543 1158 4600 infra.

1380 4426 1428 4640 I
