3036 4994
120 231 158 294 ιι
585 196 921 291 ἰταοντκεκοι

119 391 173 453 καί
186 385 347 477 χριόμενος
369 376 441 451 οῖον
457 381 583 474 ὀργάνῳ
606 389 671 451 τινὶ
690 387 746 465 τής
763 383 904 470 μνήμης,
924 381 1101 465 ἀσπάζεται
1121 387 1177 450 καί
1193 384 1321 474 ἀγαπᾷ,
1340 387 1400 449 καὶ

121 493 224 557 συυῶν
242 492 297 555 καὶ
312 489 461 574 γεγηθὼς
481 488 526 553 ἔτι
545 489 670 571 μᾶλλον
687 490 872 576 έκφλέγεται
893 487 951 568 τήν
970 487 1131 553 διάνοιαν·
1150 491 1207 552 καὶ
1228 486 1299 552 οῦτε
1317 487 1399 570 μετά

70 594 95 652 Β
124 592 280 679 σωμάτων
308 593 394 671 ὄντες
425 593 571 657 ἐνταῦθα
602 596 687 657 τουτὶ
716 593 753 657 τό
782 596 852 682 φῶς
883 595 1114 668 ἐπιποθοῦντες
1144 591 1311 671 κάθηνται
1342 594 1402 654 καὶ

122 698 360 783 θαυμάζοντες·
398 695 461 762 οὐτ’
497 697 564 761 ἐκεῖ
587 695 747 782 γινόμενοι
777 699 858 783 μετά
889 698 947 777 τήν
974 696 1137 775 τελευτήν,
1173 694 1267 782 δεῦρο
1300 691 1402 758 πάλιν

122 802 335 891 στρεφόμενοι
363 805 419 865 καὶ
453 801 695 886 δραπετεύοντες
723 801 757 865 έν
790 800 912 890 θύραις
944 799 1110 884 νεογάμων
1142 803 1196 863 καὶ
1227 797 1404 881 δωματίοις

122 906 366 983 κυλινδοῦνται,
400 904 572 990 δυσόνειρα
597 902 830 989 φαντασμάτια
863 903 1048 992 φιληδόνων
1077 907 1132 968 καὶ
1163 899 1404 991 φιλοσωμάτων

121 1008 325 1094 ἀνδρῶνκαὶ
345 1007 505 1091 γυναικῶν
524 1007 563 1070 οῦ
585 1008 716 1085 δικαίως
735 1010 889 1096 ἐρωτικῶν
908 1009 1242 1094 προσαγορευομένοιν.
1279 1002 1314 1068 ‘0
1336 1003 1403 1087 γάρ

121 1109 164 1188 ῶς
184 1112 318 1191 ἀληθῶς
338 1111 486 1199 ε’ρωτικός
503 1110 569 1175 έκεῖ
586 1110 758 1196 γενόμενος
774 1116 830 1177 καὶ
847 1115 916 1188 τοῖς
934 1113 1045 1186 καλοῖς
1061 1108 1234 1194 ὁμιλήσας,
1253 1096 1275 1198 ᾗ
1292 1108 1403 1188 θέμις,

121 1215 294 1301 έπτέρωται
318 1217 375 1279 καὶ
399 1213 639 1299 κατωργίασται
668 1220 726 1280 καὶ
754 1216 895 1280 διατελεῖ
918 1218 991 1300 περὶ
1017 1212 1073 1278 τόν
1097 1212 1197 1278 αὐτοῦ
1225 1211 1309 1275 θεὸν
1332 1208 1402 1273 ἀνω

119 1318 259 1404 χορεύων
289 1319 343 1382 καὶ
372 1319 635 1404 συμπεριπολῶν,
673 1317 765 1403 ἀχρις
791 1308 829 1382 ού
864 1315 963 1382 πάλιν
989 1311 1034 1393 εἰς
1061 1315 1135 1393 τούς
1164 1312 1306 1394 Σελήνης
1344 1316 1403 1377 καὶ

117 1419 310 1508 Ἀφροδίτης
329 1421 485 1502 λειμῶνας
504 1419 612 1483 ι’λθῶν
631 1424 687 1483 καὶ
705 1420 930 1506 καταδαρθών
951 1420 1060 1505 έτέρας
1080 1419 1216 1505 ἄρχηται
1237 1420 1401 1502 γενέσεοις.

72 1530 94 1588 C
118 1521 217 1588 Ἀλλά
239 1522 434 1605 ταῦταμὲν,
454 1518 537 1610 ἔφη,
564 1519 714 1602 μείζονας
732 1518 794 1603 ἔχει
815 1523 878 1585 τῶν
896 1520 1068 1608 παρόντων
1088 1522 1194 1605 λόγων
1212 1520 1401 1596 ὑποθέσεις.

125 1625 179 1711 Τῷ
200 1623 235 1687 δέ
253 1622 371 1708 Ἔρωτι
390 1626 447 1688 καὶ
474 1623 584 1700 τοῦτο,
616 1621 772 1707 καθάπερ
801 1627 868 1698 τοῖς
895 1622 1004 1698 ἀλλοις
1028 1625 1123 1700 θεοῖς
1149 1623 1326 1704 ἔνεστιν,
1361 1625 1404 1702 ῶς

119 1724 295 1810 Εὐριπίδης
321 1730 418 1810 φησὶ,
451 1727 660 1812 τιμωμένῳ
684 1725 849 1811 χαίρειν
873 1724 1104 1808 ἀνθρώπων
1128 1722 1225 1806 ῦπο,
1254 1733 1310 1792 καὶ
1329 1728 1404 1792 τού-

118 1827 264 1892 ναντίον·
293 1825 517 1913 εὐμενέστατος
539 1826 602 1914 γάρ
622 1830 689 1894 έστι
707 1833 775 1907 τοῖς
793 1830 974 1915 δεχομένοις
994 1831 1134 1913 ἐμμελῶς
1157 1827 1270 1909 αὐτὸν,
1297 1833 1404 1920 βαρύς

120 1932 155 1997 δέ
182 1936 249 2011 τοῖς
278 1930 616 2020 ἀπαυθαδισαμένοις.
673 1931 751 1999 orm
779 1930 843 2021 γάρ
872 1931 969 2013 ξένων
996 1937 1053 1998 καὶ

121 2035 245 2116 Ξένιος,
275 2035 347 2103 οῦτε
367 2039 487 2121 γονέων
507 2036 590 2125 ἀράς
610 2037 627 2103 ό
647 2039 827 2116 Γενέθλιος
850 2032 948 2115 ούτως
967 2036 1074 2102 διώκει
1092 2040 1148 2101 καὶ
1166 2038 1284 2120 μέτεισι
1304 2039 1402 2122 ταχύ,

35 2206 39 2211 .
119 2139 163 2219 ῶς
181 2144 333 2229 έρασταῖς
353 2140 636 2228 ἀγνωμονηθεῖσιν
662 2140 797 2230 ὁἜρως
823 2140 894 2222 ὐξύς
916 2138 1086 2220 νπακούει,
1116 2143 1180 2206 τῶν
1199 2139 1399 2205 ἀπαιδεύτων

118 2250 176 2313 καὶ
194 2245 410 2337 ὑπερηφάνων
429 2246 596 2328 κολαστής.
639 2246 678 2312 Τι’
696 2249 759 2335 γάρ
780 2244 822 2312 ἀν
840 2249 926 2330 λέγοι
944 2270 992 2324 τις
1017 2244 1221 2326 Εὐξύνθετον
1240 2248 1294 2309 καὶ
1315 2247 1401 2308 Λευ-

69 2357 95 2413 D
120 2348 300 2431 κομάντιδα
323 2351 383 2431 τήν
408 2351 443 2416 έν
460 2351 584 2441 Κύπρῳ
603 2351 892 2438 Παρακύπτουσαν
915 2348 962 2416 έτι
986 2354 1043 2415 νύν
1060 2351 1400 2437 προσαγορευομένηνς

117 2448 218 2518 Ἀλλά
233 2453 292 2531 τήν
304 2453 452 2538 Γοργοῦς
463 2454 540 2530 ἴσως
552 2455 669 2532 ποινήν
684 2452 741 2518 οὐκ
755 2453 914 2534 ἀκηκόατε
926 2457 982 2531 τῆς
996 2452 1169 2535 Κρήσσης,
1189 2450 1401 2541 παραπλήσια

120 2554 160 2644 τῇ
173 2553 435 2646 Παρακυπτούσῃ
448 2555 633 2635 παθούσης.
661 2557 758 2634 Πλήν
770 2557 870 2635 ἐκείνη
886 2561 945 2638 μὲν
960 2543 1159 2634 ἀπελιθώθη
1173 2555 1403 2643 παρακύψασα

121 2657 178 2722 τόν
193 2657 332 2745 έραστήν
346 2655 425 2730 ίδεῖν
441 2657 702 2743 ἐκκομιζόμενον·
721 2661 778 2738 τής
791 2659 825 2722 δὲ
838 2661 983 2743 Γοργοῦς
996 2657 1179 2742 ’Ἄσανδρός
1191 2683 1239 2735 τις
1252 2657 1402 2742 ήράσθη,

120 2762 193 2837 νέος
214 2761 349 2840 ἐπιεικής
367 2765 424 2826 καὶ
442 2763 523 2842 γένει
542 2759 711 2846 λαμπρός,
732 2761 765 2825 έκ
784 2762 817 2825 δέ
834 2763 990 2846 λαμπρῶν
1010 2757 1055 2837 είς
1069 2760 1204 2827 ταπεινά
1224 2763 1401 2849 πράγματα

120 2869 176 2930 καὶ
196 2863 304 2944 εὐτελή
323 2863 514 2954 ἀφιγμένος,
537 2859 622 2948 ὅμως
642 2863 741 2930 αὐτόν
754 2863 883 2942 οὐδενός
897 2863 1083 2944 ἀπηξιοῦτο,
1105 2864 1187 2933 ἀλλά
1201 2867 1259 2944 τήν
1272 2864 1401 2949 Γοργῶ,

122 2969 176 3034 διά
194 2969 350 3048 πλοῦτον,
379 2967 421 3046 ῶς
440 2966 540 3048 ἔοικε,
571 2965 789 3053 περιμάχητον
808 2957 910 3034 οὐσαν
935 2973 990 3033 καὶ
1011 2966 1305 3051 πολυμνήστευτον,
1334 2968 1403 3059 ᾔτει

121 3076 259 3155 γυναῖκα
285 3073 437 3157 συγγενὴς
463 3071 521 3152 ῶν,
551 3074 690 3151 πολλοὺς
715 3073 794 3160 έχων
820 3078 877 3140 καὶ
904 3071 1054 3157 ἀγαθούς
1085 3073 1283 3154 συνερῶντας
1311 3071 1399 3161 αὐτῷ

73 3182 96 3239 Ε
123 3172 248 3251 πάντας
267 3175 303 3241 δέ
320 3175 394 3252 τούς
412 3180 486 3262 περὶ
508 3176 566 3259 τήν
586 3175 688 3266 κόρην
710 3175 899 3264 ἐπιτρόπους
918 3179 972 3240 καὶ
992 3171 1128 3251 οἰκείους
1146 3176 1299 3254 πεπεικῶς
1318 3179 1334 3211 *

199 3314 261 3388 κά.
298 3317 315 3352 *
340 3313 386 3382 ἔτι
407 3316 515 3384 τοίνυν
537 3314 576 3396 ἀς
598 3320 745 3404 λέγουσιν
769 3316 876 3396 αἰτίας
900 3324 956 3386 καὶ
980 3323 1116 3405 γενέσεις
1134 3318 1287 3408 Ἔρωτος,
1321 3323 1403 3387 ἴδιαι

123 3424 183 3505 μέν
210 3417 378 3510 οὐδετέρου
406 3422 517 3507 γένους
546 3418 628 3502 εἰσὶ,
661 3426 765 3487 κοιναὶ
794 3424 829 3488 δέ
858 3421 1070 3511 ἀμφοτέρων·
1109 3428 1164 3488 καὶ
1192 3424 1254 3511 γάρ
1285 3427 1403 3491 εἴδωλα

125 3523 292 3602 δήπουθεν
310 3523 485 3609 ἐνδυόμενα
504 3529 573 3602 τοῖς
592 3527 752 3614 έρωτικοῖς
770 3531 826 3592 καὶ
846 3527 1069 3613 διατρέχοντα,
1089 3532 1187 3593 κινεῖν
1206 3534 1262 3594 καὶ
1278 3554 1403 3617 γαργα-

124 3626 220 3705 λίζειν
235 3624 290 3691 τόν
307 3625 403 3711 ὄγκου
422 3623 467 3705 εἰς
488 3631 616 3719 σπέρμα
634 3630 932 3696 συνολισθαίνοντα
951 3635 1017 3707 τοῖς
1033 3631 1143 3708 ἀλλοις
1158 3638 1403 3717 σχηματισμοῖς,

126 3728 164 3794 ού
184 3729 322 3795 δυνατόν
339 3734 398 3814 μέν
417 3729 483 3796 ἀπὸ
495 3734 635 3812 παίδων,
657 3733 816 3799 ἀδύνατον
830 3735 865 3798 δὲ
885 3733 950 3799 ἀπὸ
965 3738 1137 3820 γυναικῶν·
1157 3740 1213 3801 καὶ
1226 3737 1283 3813 τὰς
1300 3739 1403 3816 καλάς

126 3831 245 3909 ταύτας
267 3835 324 3897 καὶ
345 3832 434 3920 ίεράς
453 3831 649 3919 ἀναμνήσεις
665 3840 826 3922 καλοῦμεν
852 3837 942 3922 ήμεῖς
963 3839 1012 3903 ἐπί
1031 3838 1068 3902 τό
1088 3840 1185 3904 θεῖον
1206 3844 1263 3904 καὶ
1283 3839 1405 3920 ἀληθι-

78 3957 100 4013 p
125 3936 184 4010 νῦν
195 3938 250 4002 καὶ
263 3933 421 4021 ὀλύμπιον
436 3938 536 4004 έκεῖνο
551 3939 683 4018 κάλλος,
705 3932 757 4017 οἷς
770 3941 858 4028 ψυχή
871 3945 1060 4029 πτεροῦται,
1081 3943 1112 4009 τί
1124 3942 1236 4008 κωλύει
1250 3945 1405 4027 γίνεσθαι

125 4044 184 4124 μέν
204 4037 269 4104 ἀπό
288 4039 414 4106 παίδων
435 4046 492 4108 καὶ
511 4041 576 4109 ἀπὸ
596 4044 788 4126 νεανίσκων,
822 4046 978 4130 γίνεσθαι
1003 4047 1038 4111 δέ
1063 4047 1128 4111 ἀπὸ
1153 4051 1331 4135 παρθένων
1350 4055 1406 4115 καὶ

128 4251 161 4307 Β.
185 4259 213 4316 2.
247 4250 300 4309 οὐτ’
318 4249 380 4327 διιεῖ]
397 4254 457 4312 ΒΕ.
476 4254 630 4328 Wyttenb.
649 4254 707 4314 οὐτε
726 4264 782 4313 έκεῖ.

128 4344 162 4401 Β.
186 4349 213 4407 lt.
248 4341 392 4423 δυσόνειρα]
410 4348 567 4420 Ψγλῒυηλν.
586 4368 601 4405 e
619 4350 680 4411 BE.
714 4350 815 4425 Vulgo
835 4351 951 4423 δύσοναρ.

128 4439 163 4498 Β.
192 4450 213 4498 ῖ.
247 4441 291 4495 τόν
307 4440 387 4497 αὐτοῦ
403 4439 477 4508 θεόν]
495 4460 510 4496 e
529 4442 684 4515 Wyltenb.
704 4444 883 4516 conjectura.
919 4446 1018 4519 Vulgo
1035 4445 1168 4504 τὸναύτὸν
1185 4450 1255 4506 θεόν.

134 4535 165 4591 C.
189 4540 214 4591 5.
249 4527 514 4606 ἀπαυθαδισαμένοις]
538 4553 555 4614 υ
578 4554 641 4591 mea
665 4537 846 4610 conjeviura.
879 4540 973 4614 Vulgo
998 4538 1268 4613 ἀπιιυθιιδιαζομείωις.
1312 4545 1346 4600 In
1371 4547 1405 4602 E.

255 4667 334 4722 enim
351 4677 397 4722 est
412 4632 639 4744 ἀπανθιῦογιένοκ.
