3036 4994
1301 176 1359 241 187

67 338 160 395 fuisse
182 334 219 393 de
243 330 485 393 Chalcidensibus
503 349 520 389 e
541 331 688 399 Thracia,
707 332 831 387 missum
852 328 962 385 anxilio
975 328 1219 389 Chalcidensibus
1236 332 1355 391 Euhoe-

66 426 188 486 eusibus
205 429 388 495 narraverit,
416 427 448 482 iu
465 435 599 500 tempora
614 434 684 499 post
703 423 822 498 Olymp.
838 421 878 480 X.
900 421 1031 480 incidere
1046 424 1248 485 demonstrare
1266 446 1359 485 cona-

65 532 115 578 tus
137 532 191 579 est.
239 510 406 578 Obscurum
437 530 535 575 autem
561 529 623 586 est,
663 537 716 576 cur
741 516 917 575 Plutarchus
941 512 1050 573 bellum
1076 518 1184 576 dixerit
1206 521 1360 578 Thessali-

67 633 154 683 cum,
182 616 214 670 iu
235 632 294 689 quo
317 616 375 686 jam
389 611 542 685 Xylander
568 612 673 668 haesit.
717 609 777 667 Sed
801 610 889 683 hujus
915 605 1105 667 obscuritatis
1131 611 1217 686 culpa
1243 633 1261 669 a
1287 615 1360 673 Plu.

67 708 173 763 tarcho
195 708 225 762 iu
241 704 380 762 librarios
395 705 511 762 videtur
528 702 734 760 transferenda
757 721 832 759 esse.
867 703 1026 758 Assentior
1045 703 1124 757 enim
1139 704 1234 760 eidem
1252 706 1285 764 C.
1307 708 1360 769 Fr.

66 796 237 854 Hermanno
258 798 278 857 l.
302 817 328 857 c.
348 817 378 872 p.
396 807 440 858 00.
469 800 520 874 qui
540 796 733 872 probabiliter
751 794 966 852 emendandum
991 797 1122 852 censuits
1149 795 1206 868 ἧκεν
1226 804 1358 876 επλκουρος

68 892 219 947 Χαλκιδεῦσι
237 891 314 962 μετά
330 891 378 946 κοῦ
399 892 572 959 erraturos,
592 895 706 962 πολέμου
721 889 784 963 πρὸς
797 886 933 963 Ἐρετριεῖς
947 887 1115 963 ἀκμάζοντος.

132 1058 164 1113 Ρ.
182 1046 231 1108 36,
251 1042 294 1098 27.
329 1048 384 1102 τοῖς
405 1039 587 1107 Χαλκιδεῦσιν]
621 1061 635 1093 ν
658 1035 747 1093 finale
769 1040 884 1095 retraxi
906 1056 922 1095 e
947 1038 982 1097 Β.
1010 1038 1044 1095 Ε.
1075 1038 1235 1111 Wyttenb.
1254 1047 1355 1098 Χαλκι-

64 1133 151 1200 δεῦσι,
169 1143 201 1188 ut
220 1143 264 1188 est
281 1134 371 1189 etiam
390 1133 422 1188 iu
438 1132 508 1190 Ald.
526 1130 596 1190 Bas.
613 1141 642 1186 et
654 1130 733 1190 Frcf.
751 1131 916 1189 Χαλκιδεῦσιν
932 1129 1072 1188 exhibent
1088 1133 1177 1189 etiam
1194 1132 1240 1195 ed.
1256 1132 1356 1193 Reish.

64 1234 94 1280 et
113 1225 234 1283 Hutteu.

131 1393 161 1448 p.
180 1375 231 1441 36,
249 1378 293 1431 28.
328 1373 464 1441 ὤσασθαι]
498 1373 618 1448 Duplici
644 1375 674 1430 ri
696 1374 817 1447 ponitur
850 1374 906 1429 hoc
931 1371 1074 1445 verbum,
1110 1374 1198 1431 modo
1229 1386 1359 1445 neutra,

63 1477 97 1522 ut
114 1468 154 1522 sit
162 1465 267 1537 ferri,
286 1466 422 1534 irruere,
438 1466 526 1523 modo
543 1467 656 1534 activa,
680 1477 713 1523 ut
730 1469 769 1522 sit
788 1465 942 1540 repellere,
961 1468 1132 1540 reprimere.
1169 1467 1249 1526 Vide
1266 1470 1359 1543 Wyt·

63 1558 144 1619 tenh.
164 1558 201 1617 ad
220 1560 296 1619 Plut.
315 1560 351 1616 de
368 1571 442 1618 rect.
462 1560 528 1617 aud.
547 1571 602 1617 ret.
621 1580 651 1634 p.
670 1568 704 1618 47
721 1559 755 1616 P.
789 1559 876 1621 Held.
895 1559 932 1618 ad
949 1560 1055 1617 Aemil.
1073 1559 1157 1618 Paul.
1177 1580 1208 1636 p.
1226 1568 1287 1622 008.

131 1726 160 1781 p.
179 1709 227 1773 33,
245 1712 288 1764 30.
323 1706 369 1762 τὸν
394 1704 534 1780 δρώμενον]
569 1707 657 1780 Apud
680 1708 840 1764 Thessalos
860 1709 955 1785 viguit
973 1709 1096 1785 puerilis
1121 1728 1218 1778 amor,
1246 1709 1354 1787 quibus

63 1798 199 1856 audiebat
221 1802 349 1856 amasius
370 1796 450 1870 άυυης.
487 1799 560 1857 Vide
582 1799 684 1862 Schol.
709 1800 746 1858 ad
767 1802 921 1860 Theocrit.
943 1802 1029 1876 ldyll.
1051 1802 1121 1863 XII.
1144 1823 1190 1878 ap.
1211 1803 1354 1862 Greuzer.

61 1893 202 1968 Praepar.
227 1892 335 1950 Plotia.
366 1912 396 1967 p.
420 1892 535 1949 XXIX.
582 1899 635 1950 irtel
658 1898 701 1949 καὶ
724 1894 785 1958 τοὺς
809 1901 948 1969 ἐρωμένους
971 1894 1045 1958 dhar
1065 1902 1126 1952 ireos
1148 1896 1287 1963 καλοῦσιν,
1321 1891 1355 1958 άς

63 1991 255 2044 θεσυαλολ

127 2155 158 2211 Ρ.
175 2142 227 2204 36,
245 2137 289 2192 30.
325 2136 463 2206 aponi]
497 2133 695 2190 Indicativum
712 2134 830 2189 restitui
851 2150 889 2189 ex
907 2132 944 2192 ll..
978 2130 1080 2208 Vulgo
1101 2139 1124 2189 εὶ
1138 2138 1233 2205 μέλλοι.
1327 2088 1330 2093 ¹

128 2302 158 2357 p.
175 2284 223 2350 36,
242 2287 286 2343 31.
321 2280 480 2355 φιλοφρόνως
502 2279 581 2338 αὐτὸν
605 2278 803 2354 ἀσπασαμένου]
837 2281 922 2338 Allas
942 2281 1118 2338 Plutarchus
1136 2287 1356 2357 φιλοφρονεῖσθαι

62 2386 93 2433 et
109 2372 273 2443 ἀσπάζεσθαι
288 2377 412 2453 jungere
429 2385 516 2437 amat.
537 2374 580 2437 V.
598 2376 705 2436 Baehr.
724 2373 761 2432 ad
778 2376 831 2438 vit.
851 2374 976 2435 Flamin.
993 2394 1024 2450 p.
1042 2381 1085 2433 33.

130 2547 160 2602 Ρ.
177 2527 227 2596 36,
244 2533 288 2585 33.
322 2522 461 2602 tampsii]
488 2525 565 2583 Huic
578 2542 644 2582 roc.
662 2524 839 2601 explicando
855 2523 991 2583 adhiberi
1006 2536 1146 2601 possunt,
1165 2544 1239 2603 quae
1256 2526 1356 2595 attulit

61 2619 148 2683 Held.
171 2618 208 2677 ad
226 2619 305 2678 Plut.
324 2618 434 2680 Aemil.
452 2618 534 2677 Paul.
553 2637 584 2692 p.
602 2624 654 2678 184
670 2629 700 2675 et
717 2625 775 2678 187.

126 2789 158 2845 Ρ.
175 2771 225 2840 36,
243 2771 288 2830 35.
321 2768 387 2826 κατὰ
403 2766 512 2844 κράτος]
546 2764 705 2842 ναπακράπος
721 2767 756 2827 Β.
775 2767 811 2825 Ε.
829 2767 900 2829 Βεε.

126 2939 157 2995 Ρ.
175 2922 225 2989 38,
242 2924 269 2978 8.
302 2912 500 2991 παιδεραστεῖν]
534 2919 708 2991 παιδαρεοτεῖν
729 2914 801 2975 Ald.

128 3088 159 3143 Ρ.
176 3072 210 3125 38
217 3111 227 3139 ,
243 3073 271 3125 8.
304 3064 363 3123 trice
379 3067 476 3139 μάλλον
498 3070 586 3138 ἑτέρων
609 3061 760 3135 ἠγάπησαν]
795 3064 1132 3138 Athen.X11Lp.sot
1156 3064 1190 3121 Ε.
1209 3063 1244 3123 F.
1276 3064 1356 3128 Ὄλοις

61 3167 90 3218 δὲ
113 3162 174 3224 τοὺς
193 3159 325 3223 παιδικοὺς
350 3166 443 3232 ἔρωτας
466 3158 515 3213 τῶν
539 3162 580 3213 tut
605 3167 662 3219 τοϊς
682 3162 799 3235 θηλείαις
819 3163 984 3230 προκρίνουσι
1005 3163 1103 3213 πολλοί.
1135 3155 1207 3231 παρά
1228 3158 1278 3230 γάρ
1302 3168 1358 3221 τοῖς

61 3253 149 3315 ἄλλοις
163 3262 219 3314 ταῖς
233 3248 426 3323 εὐνομουμέναις
437 3247 539 3308 πόλεσιν
554 3255 595 3305 ἐπὶ
612 3250 658 3320 ripe
669 3246 792 3313 Ἑλλάδος
811 3251 1008 3320 σπουδασθῆναι
1024 3248 1084 3306 τάδε
1104 3251 1133 3306 τὸ
1153 3258 1223 3313 ἕδος.
1258 3252 1359 3324 Κρῆτες

60 3348 138 3420 γοῦν,
166 3340 200 3408 ὦς
219 3352 296 3416 ἴφην,
322 3349 365 3399 καλ
385 3351 417 3399 οἱ
437 3351 470 3400 ἐν
490 3342 622 3414 Εὐβοίᾳ
643 3346 826 3404 Χαλκιδεῖς
849 3348 923 3415 περὶ
946 3342 987 3399 πά
1009 3341 1154 3399 παιδικά
1176 3338 1358 3416 δαιμονίως

61 3437 252 3508 δπτάηνται.
282 3434 413 3509 Ἐχεμένης
430 3438 493 3509 γοῦν
513 3444 538 3493 dr
556 3447 610 3500 τοῖς
628 3444 769 3507 Κρητικοῖς
785 3433 816 3490 οὗ
834 3436 880 3491 τὸν
896 3439 948 3491 Δία
967 3442 1043 3508 φησὶν
1065 3435 1178 3510 ἁρπάσαι
1200 3436 1246 3492 τὸν
1269 3445 1356 3492 Γανυ-

61 3529 161 3606 μήδην,
186 3527 252 3585 duh
272 3534 375 3585 Μίνωα.
409 3536 434 3584 οἱ
455 3533 482 3586 δὲ
501 3536 678 3603 προειρημένοι
696 3532 871 3589 Χαλκιδεῖς
893 3528 965 3602 παρ’
991 3524 1104 3590 αὖτοῖς
1127 3552 1229 3599 φασιν
1250 3527 1357 3602 άρπα·

58 3626 185 3695 σθῆναι
198 3621 256 3678 τὸν
275 3619 476 3693 Γανυμήδην
497 3618 558 3678 άπὸ
577 3623 636 3677 τοῦ
654 3622 749 3689 Διὸς,
773 3628 827 3677 καὶ
844 3619 900 3676 τὸν
915 3620 1017 3677 τόπον
1035 3621 1221 3684 δεικνύντες
1238 3619 1357 3694 Ἁρπά-

59 3740 134 3791 γιον
159 3715 317 3771 καλοῦσιν
325 3754 334 3777 ‚
359 3720 385 3769 δν
407 3713 426 3783 ᾦ
449 3722 493 3771 καὶ
511 3721 632 3790 μυρρίναι
655 3714 776 3787 διάφοροι
797 3712 944 3786 πεφύκασιν.
979 3715 1066 3787 Quod
1086 3712 1209 3771 finxisse
1235 3714 1354 3768 Chalci-

59 3811 166 3869 denses
193 3807 333 3865 eensendi
363 3820 449 3876 sunt,
485 3819 518 3864 ut
542 3810 635 3864 amori
663 3809 769 3883 puerili
798 3808 932 3883 exemplo
961 3808 1044 3865 Jovis
1076 3809 1297 3864 excusationem
1325 3817 1356 3861 et

59 3905 264 3959 auctoritatem
279 3911 436 3975 pararent,
453 3921 483 3960 v.
497 3901 572 3961 Plat.
589 3901 624 3959 de
639 3901 716 3979 legg.
733 3901 758 3963 l.
778 3920 808 3977 p.
827 3902 878 3959 636
895 3900 929 3958 C.
964 3900 1093 3972 Hesych.
1115 3900 1149 3954 T.
1167 3900 1205 3955 11.
1227 3919 1254 3971 Ρ.
1276 3900 1351 3964 1538,

59 3997 205 4059 δπλέοναζον
223 3988 281 4064 παρ’
308 3990 395 4055 αδτολς
411 4000 436 4049 ol
454 3997 564 4048 παιδικολ
585 4000 688 4066 ἔρωτες,
706 4002 735 4048 et
754 4002 911 4067 propterea
928 3996 1079 4061 χαλκιδιςευν
1095 3993 1172 4048 idem
1191 4002 1256 4047 crat
1275 3990 1354 4064 (pund

62 4091 242 4154 παιδεραστεῖν.
276 4084 327 4142 Sic
345 4085 521 4160 Euphorion
538 4085 741 4142 Chalcidensis
760 4082 913 4142 dicebatur
936 4102 1002 4141 esse
1022 4088 1150 4141 amasius
1173 4083 1351 4151 Archebuli,

64 4195 122 4251 quo
145 4177 193 4233 ille
216 4177 336 4233 doctore
356 4177 388 4233 iu
411 4187 474 4232 arte
498 4178 614 4251 poetica
638 4194 710 4232 usus
733 4187 821 4236 esset.
856 4175 936 4235 Vide
956 4176 1084 4236 Meinek.
1109 4177 1145 4232 ad
1168 4178 1300 4251 Euphor.
1322 4196 1352 4250 p.

62 4275 90 4326 9.
114 4274 157 4328 10.
197 4268 237 4325 Et
261 4279 360 4345 tamen
392 4268 509 4327 Chalcis
537 4268 706 4326 abundabat
730 4270 954 4328 formosissimis
980 4271 1115 4339 feminis,
1150 4281 1182 4326 ut
1207 4280 1352 4327 testantur

63 4360 211 4419 Hesiodus
228 4372 258 4419 et
274 4363 497 4439 Theophrastus
516 4383 562 4437 ap.
581 4363 689 4422 Athen.
705 4362 794 4423 XIII.
819 4383 852 4439 p.
871 4368 921 4424 609
937 4362 972 4425 Ε.
1076 4375 1079 4379 ’

128 4528 159 4583 Ρ.
176 4514 227 4576 38,
244 4516 271 4568 3.
301 4506 484 4584 Ἀριστοτέλης]
503 4512 660 4587 Stagirites
675 4511 844 4587 philosophi
856 4511 949 4568 libros
965 4511 1000 4568 de
1015 4531 1114 4569 aurore
1126 4514 1208 4588 attigi
1220 4512 1350 4570 breviter

60 4608 92 4660 iu
112 4601 333 4661 Introductioue
353 4622 383 4678 p.
399 4612 442 4667 37.
477 4605 536 4663 Sed
555 4607 663 4679 poterit
680 4607 768 4663 etiam
791 4606 915 4680 intelligi
932 4606 1107 4663 Aristoteles
1123 4605 1348 4669 Clealcidensis,
1431 4608 1440 4648 l
