3036 4994
84 189 106 251 4
556 183 894 250 HAOYTAPXOY

84 348 240 431 παρῆσαν
259 346 292 409 οῖ
311 340 484 424 συνήθεις,
512 343 546 408 έν
565 343 601 408 δὲ
626 342 782 421 Θεσπιαῖς
804 334 875 431 εύρε
894 346 1068 434 Δαφναῖον
1085 346 1144 412 τόν
1161 345 1376 436 Ἀρχιδάμου,

83 447 283 531 Λυσάνδρας
315 448 438 531 ε’ρῶντα
465 448 521 526 τῆς
546 445 698 529 Σίμωνος
725 450 784 513 καὶ
810 447 956 532 μάλιστα
986 451 1050 513 τῶν
1074 453 1250 534 μνωμένων
1275 452 1379 532 αὐτήν

82 550 316 635 εὐημεροῦντα,
334 553 392 614 καὶ
410 548 590 635 Σώκλαρον
606 551 640 614 έκ
665 547 819 637 Τιθόρας
835 545 959 630 ήκουτα
975 553 1033 617 τόν
1042 550 1264 640 Ἀριστίωνος·
1283 545 1325 634 ήυ
1341 557 1378 620 66

30 667 53 724 c
79 657 135 719 καί
164 655 378 739 Πρωτογένης
405 652 423 717 6
455 653 601 739 Ταρσεύς
629 656 686 718 καὶ
709 652 888 733 Ζεύξιππος
910 655 929 718 6
954 655 1237 739 Λακεδαιμόνιος,
1270 656 1376 736 ξένοι·

80 757 233 822 Βοιωτῶν
252 757 287 821 66
306 755 323 820 6
343 756 451 843 πατήρ
467 754 531 844 ἔφη
550 757 614 820 τῶν
631 754 801 842 γνωρίμων
822 759 895 834 τούς
912 757 1081 834 πλείστους
1108 763 1270 846 παρεῖναι.
1308 759 1377 825 Δύο

79 865 139 944 μέν
155 848 213 924 ούν
228 856 250 938 ἢ
260 863 344 948 τρεῖς
364 858 485 945 ἡμέρας
501 859 585 923 κατὰ
602 859 713 937 πόλιν,
727 858 770 937 ῶς
784 857 903 938 ἔοικεν,
922 860 1027 946 ἡσυχῆ
1038 884 1107 938 πως
1116 863 1378 950 φιλοσοφοῦντες

79 963 115 1027 έν
134 967 206 1039 ταῖς
227 961 448 1049 παλαίστραις
475 964 538 1028 καῖ
557 962 614 1057 676
638 965 715 1028 τῶν·
728 960 884 1051 θεάτρων
902 962 1056 1043 ἀλλήλοις
1072 965 1236 1042 συνῆσαν·
1264 963 1378 1030 ἔπειτα

79 1063 251 1154 φεύγοντες
267 1064 559 1163 ἀργήλέόγράγῶνα
577 1064 792 1156 κιθαρῳδῶν,
807 1062 982 1150 Ιἐντεύξεσι
1001 1072 1058 1154 καὶ
1082 1069 1240 1164 σμουδαῖς
1265 1092 1378 1153 προει·

78 1168 241 1252 λημμένον
260 1165 429 1248 ἀνέζευξαν
452 1172 484 1234 οῖ
503 1169 633 1247 πλείους
653 1166 760 1256 ὥσπερ
780 1171 814 1235 ἐκ
833 1169 991 1253 πολεμίας
1010 1166 1057 1247 εἰς
1073 1171 1131 1235 τόν
1145 1170 1299 1235 Ἑλικῶνα
1317 1171 1377 1233 καὶ

75 1269 314 1350 κατηυλίσαντο
338 1273 431 1356 παρὰ
456 1275 528 1349 ταῖς
551 1270 719 1363 Μούσαις.
751 1267 888 1364 Ἕωθεν
909 1262 968 1357 σύν
990 1273 1127 1365 ἀφίκετο
1151 1274 1233 1371 πρός
1257 1271 1377 1348 αύτούς

76 1374 259 1457 Ἀνθεμίων
277 1378 333 1439 καὶ
351 1375 492 1452 Πεισίας
504 1375 625 1462 ρ’ἰνδρες
645 1374 789 1455 ἔνδοξοι,
819 1374 970 1459 Βάκχωνι
991 1378 1027 1442 δὲ
1044 1380 1088 1467 τῶ
1107 1378 1197 1466 καλῶ
1213 1378 1373 1463 λεγομένῳ

23 1505 50 1561 D
74 1477 306 1597 προσήκοντες,
326 1483 384 1544 καί
402 1478 527 1565 τρόπον
545 1479 619 1543 τινὰ
635 1477 676 1543 δι’
694 1477 823 1545 εύνοιαν
844 1477 1026 1566 ἀμφότεροι
1045 1480 1103 1558 τήν
1121 1482 1244 1545 ἐκείνου
1257 1481 1375 1597 διαρκε-

74 1577 206 1705 ρόμενοι
222 1579 305 1668 πρός
323 1580 490 1660 ἀλλήλους.
526 1569 587 1644 Ην
607 1580 669 1701 γάρ
689 1580 723 1643 ἐν
746 1580 902 1656 Θεσπιαῖς
912 1579 1133 1705 Ἰσμηνοδώρα
1147 1606 1227 1666 γυνη
1217 1581 1324 1647 πλ
1289 1605 1373 1646 ουτω

74 1686 131 1747 καὶ
148 1685 232 1767 γένει
253 1683 388 1807 λαμπρά
403 1686 460 1749 καὶ
476 1683 517 1762 νή
536 1681 649 1771 Δία
616 1704 673 1747 τον
689 1681 841 1747 άλλον”
807 1706 956 1759 ευτακτος
969 1683 1096 1767 βίον·
1080 1683 1220 1804 εχήρωσε
1236 1685 1299 1784 γάρ
1314 1683 1376 1747 ούκ

75 1783 183 1870 ὀλίγον
200 1783 322 1872 χρόνον
341 1782 417 1851 ἀνευ
436 1785 566 1912 ψόγου,
579 1785 696 1871 καίπερ
719 1773 804 1879 οὖσα
827 1787 887 1850 νέα
907 1790 963 1850 καὶ
982 1786 1090 1873 ἱκανή
1095 1786 1133 1850 τό
1155 1775 1257 1862 εἶδος·
1278 1809 1321 1872 τῳ
1308 1787 1376 1849 δὲ

72 1887 225 2010 Βάκχωνι
238 1881 370 1974 φίλης”
350 1911 421 1981 οντι
433 1893 491 1955 καὶ
511 1887 679 1969 συνήθους
698 1888 852 1971 γυναικός
870 1890 929 1978 υἱῷ
944 1887 1133 1975 πράττουσα
1149 1886 1255 1971 γάμον
1271 1887 1376 1972 κόρης

73 1992 156 2057 κατὰ
175 1992 268 2075 γένος
284 1981 514 2080 προσηκούσης
536 1992 570 2056 ἐκ
589 1992 647 2057 τού
667 1995 886 2078 συμπαρεῖναι
905 1995 962 2056 καὶ
984 1992 1197 2076 διαλέγεσθαι
1217 1987 1378 2064 πολλάκις

37 2106 41 2117 ’
73 2093 183 2161 ίπαθε
202 2096 285 2185 πρὸς
307 2095 344 2162 τό
367 2094 538 2184 μειράκιον
562 2093 657 2175 αὐτή·
694 2097 749 2160 καὶ
779 2093 896 2212 λόγους
920 2091 1224 2220 φιλανθ·ρῶπους’
1205 2089 1377 2157 ακούουσιι

72 2202 132 2266 καὶ
151 2199 291 2284 λέγουσα
312 2203 439 2289 περὶ
411 2196 510 2275 αὐτού
529 2202 586 2264 καὶ
605 2195 778 2281 πλῆθος
763 2198 876 2291 ορῶσα
893 2197 1049 2282 γενναίων
1069 2198 1233 2284 ἐραστῶν,
1256 2189 1310 2271 εἰς
1337 2193 1375 2257 τό

72 2304 153 2392 ἒρᾷν
166 2302 330 2391 προήχθη
349 2308 405 2368 καὶ
422 2279 577 2368 διενοεῖτο
596 2304 678 2390 μηδὲ
680 2324 699 2367 υ
707 2305 821 2384 ποιεῖν
836 2299 947 2386 ἀγευνί
948 2326 964 2378 ς
933 2299 1067 2372 ἰάλλά
1083 2300 1253 2420 γημαμένη
1271 2317 1370 2386 ιγανε-

23 2421 48 2478 Ε
74 2408 136 2492 ρῶς
152 2407 405 2495 συγκαταζῆν
371 2429 415 2483 τω
401 2402 588 2523 Βάκγιρνι.
607 2403 853 2525 Παραδόξουδέ
863 2405 921 2468 τού
937 2401 1129 2490 πράγματος
1141 2400 1241 2466 αὐτοῦ
1255 2399 1372 2521 6776-

74 2528 148 2587 τος,
169 2500 191 2585 ή
207 2529 239 2570 τε
256 2507 361 2626 μήτηρ
376 2504 435 2594 όιμ
427 2503 545 2591 ωρατο
562 2528 599 2568 το
588 2504 718 2589 βάρος
737 2507 795 2568 τοῦ
809 2504 899 2569 οἴκου
917 2509 973 2569 καὶ
991 2506 1048 2568 τόν
1066 2503 1164 2588 ὄγκον
1181 2503 1224 2580 ὡς
1239 2501 1277 2567 06
1291 2502 1375 2567 κατὰ

78 2607 137 2674 τόν
151 2601 311 2692 ἐραστήν
331 2613 432 2682 τινές
428 2607 469 2671 66
486 2612 543 2671 καὶ
563 2609 754 2689 συγκυνηγοὶ
776 2608 821 2693 τῶ
840 2606 888 2689 μή
908 2603 990 2668 καθ’
1006 2603 1192 2684 ήλικίαυ
1152 2630 1208 2684 της
1224 2608 1377 2690 Ισμηυο-

78 2709 186 2798 δῶρας
202 2706 420 2793 δεδιττόμενοι
433 2708 491 2771 τὸν
505 2705 667 2792 Βάκχωνα
686 2710 743 2771 καλ
760 2705 959 2785 σκάπτοντες
982 2709 1209 2796 ἐργωδέστεροι
1230 2707 1377 2774 τῶνάπὸ

77 2812 254 2893 σπουδῆς’
238 2812 465 2909 ενισταμίνων
471 2798 558 2889 ύσαν
567 2808 813 2904 ἀνταγωνισταί
826 2810 926 2904 πρός
928 2811 986 2875 τόν
1002 2809 1117 2896 γάμον.
1152 2810 1292 2877 Ἠιδεῖτο
1312 2812 1377 2896 γάρ

23 2902 246 3039 Ἑὲιμήβος””
228 2939 275 2981 στι
289 2909 341 2979 ῶν
358 2910 446 3003 χήρᾳ
472 2915 649 3010 συνοικεῖν
677 2911 715 2977 οό
733 2935 799 2997 μην
819 2911 903 2979 ἀλλά
925 2914 1001 2990 τούς
1020 2913 1190 2991 άλλους”
1156 2937 1256 2991 εασας
1276 2939 1379 3002 παρε·

77 3021 258 3109 χῶρήσείιρ
244 3018 392 3119 Πεισίρι
413 3021 469 3082 καὶ
488 3003 533 3081 τῶ
549 3014 750 3101 Ἀνθεμίωνι
762 3016 1066 3136 βουλεύσασθαι
1032 3041 1070 3081 το
1089 3020 1273 3105 συμφέρον,
1294 3009 1378 3083 ῶτό

78 3130 139 3209 μὲν
149 3120 301 3211 ἀνεψιός
324 3112 428 3186 αὐτοῦ
445 3109 487 3199 ήν
505 3083 786 3207 ἀρεσβύτερος,
768 3143 786 3184 ο
815 3119 849 3184 δέ
875 3119 1014 3197 Πεισίας
1044 3119 1288 3201 αὐστηρότατος
1316 3125 1380 3186 τῶν

80 3227 238 3316 ἐραστῶν
258 3225 310 3290 διό
324 3229 406 3290 καλ
397 3214 480 3345 πρὸς
498 3224 557 3288 τόν
573 3222 683 3308 γάμου
703 3222 897 3310 ἀντέπραττε
912 3247 968 3288 και
957 3222 1171 3304 καθήπτετο
1187 3248 1245 3312 του
1230 3212 1379 3304 Αυθε-

79 3329 200 3418 μίωνος
233 3327 316 3405 ὡς
308 3336 413 3414 προῖρι
400 3329 500 3412 μένου
533 3329 572 3418 τῶ
602 3324 823 3416 Ἰσμηνοδάρρι
851 3326 889 3391 τό
917 3327 1107 3413 μειράκιον·
1143 3324 1161 3391 6
1192 3305 1271 3398 66
1255 3345 1305 3415 εκε
1308 3332 1380 3392 ῖνον

82 3433 141 3501 ὀδκ
158 3431 275 3520 ’ὀρθῶς
295 3429 381 3516 ἔλεγε
395 3435 507 3497 ποιεῖν
533 3395 618 3494 ἀλλὰ
642 3431 683 3494 τά
710 3428 794 3493 ἄλλα
817 3431 961 3515 χρηστόν
984 3430 1081 3510 ὄντα,
1109 3407 1288 3514 μιμεῖσθαι
1303 3431 1381 3508 τούς

81 3534 230 3625 φαύλους
246 3534 384 3657 έραρτάς
393 3536 488 3600 οἴκου
503 3537 558 3599 καὶ
571 3530 679 3619 γάμου
690 3538 748 3598 καὶ
760 3532 959 3621 πραγμάτων
972 3533 1121 3618 μεγάλων
1134 3533 1381 3622 ἀποστεροῦντα

81 3638 140 3705 τόν
159 3638 309 3727 6676
301 3633 387 3714 όπως
407 3636 559 3716 ἄθικτος
572 3635 658 3724 αύτῷ
676 3638 734 3702 καλ
751 3637 870 3724 νεαρὸς
889 3635 1075 3716 ἀποδύοιτο
1087 3639 1239 3705 πλεῖστον
1258 3636 1382 3734 χρόνον

34 3776 67 3832 50
84 3742 119 3808 εν
137 3744 209 3820 ταῖς
228 3741 455 3830 παλαίστραις.

160 3839 307 3930 Ἰγ.να
336 3833 395 3909 σύν
418 3845 463 3928 μή
493 3842 729 3933 παροξύνοντες
759 3844 918 3927 ἀλλήλους
946 3844 1030 3910 κατά
1057 3817 1175 3967 μικρὸν
1204 3871 1250 3943 εις
1277 3842 1382 3937 ὀργήν

86 3871 323 4077 προάγάγοιεν,
348 3946 433 4014 ωσπ
420 3970 455 4035 ρ
475 3949 641 4030 διαιτητάς
661 3949 752 4036 ελόμε
754 3972 806 4015 νοι
821 3955 881 4016 καὶ
898 3947 1082 4036 βραβευτὰς
1100 3949 1158 4013 τόν
1177 3949 1303 4035 πατέρα
1324 3953 1384 4015 καὶ

109 4116 341 4136 Ν

90 4216 123 4274 B.
148 4221 174 4278 8.
208 4194 371 4289 Λυσάνδρας]
409 4179 563 4289 Ψγιῑοιιίί.
592 4236 607 4272 e
635 4216 762 4274 Leonic.
786 4216 899 4273 Schott.
926 4215 1004 4274 Mez.
1028 4215 1139 4272 Amiot.
1161 4226 1191 4270 et
1208 4233 1286 4275 vers.
1307 4215 1380 4288 Xyl.

223 4309 318 4384 Vulgo
335 4316 377 4364 καὶ
393 4310 552 4380 Λύσανδρον.

89 4403 126 4458 D
150 4406 176 4459 9.
213 4399 318 4472 ἀγεννὲς]
346 4403 408 4465 ΒΕ,
444 4404 520 4480 Voul
503 4424 539 4459 νο
558 4401 649 4475 ἀ,’.ενλς

90 4495 124 4552 F
150 4501 175 4553 ί.
210 4494 379 4566 παρεχόρηοε]
416 4494 855 4572 77317771h.essas.etxy6.
884 4492 1247 4569 60766770867716.
1276 4493 1379 4567 Vulgo

224 4600 419 4661 παραχωρεῖτιιε.
