3036 4994
159 236 218 300 196

227 414 256 479 p.
274 402 326 462 to,
345 402 389 465 32,
423 395 531 464 ποιητὴν
546 391 618 472 ἄρα]
654 395 759 466 ποιητὴν
776 395 876 451 curin
892 397 1015 468 μουσικὴν
1033 407 1250 468 converterem,
1269 381 1468 479 seiripttltt'l

161 508 198 544 ex
215 489 235 549 l.
271 491 425 546 Convival.
445 498 556 565 quaest.
576 494 602 547 5.
628 496 795 565 quanquam
819 491 845 546 si
866 488 972 560 ποιητὴν
993 491 1121 547 retinere
1146 494 1212 567 quis
1233 492 1323 559 velit,
1350 489 1466 560 hahet,

160 583 238 658 quod
265 601 319 656 pro
345 585 409 655 ipso
433 583 523 638 faciet
549 584 581 639 iu
606 580 705 638 libello
734 583 831 638 nostri
851 583 983 638 auctoris
1009 581 1045 638 de
1065 583 1190 663 Pythiae
1217 583 1359 643 oraculis.
1397 582 1465 658 Ego

158 687 257 732 tamen
287 673 411 748 μουσικήν
436 675 591 749 praefero,
624 684 653 731 et
676 673 800 730 alterum
829 676 985 748 irrepsisse
1013 691 1050 730 ex
1079 677 1268 731 annotatione
1298 674 1466 750 marginali

158 780 230 844 puto
251 769 392 841 alieuius,
412 769 462 843 qui
478 769 612 823 musicen
628 767 717 824 latius
737 777 888 840 patentem
905 765 941 822 ad
959 768 1097 840 politicen
1115 765 1242 823 voluerit
1258 765 1467 842 adstringere.

159 862 263 937 Neque
282 879 370 937 nego,
388 863 420 925 in
438 864 527 917 citato
544 860 611 916 loeo
629 872 761 933 poetam,
780 879 868 936 quam
884 862 1045 927 musicam,
1064 858 1159 915 videri
1171 875 1259 931 posse
1272 860 1465 916 commodius

162 955 319 1012 collocarit
351 955 402 1011 sed
430 955 522 1010 citare
546 954 583 1010 ad
611 972 675 1010 rem
698 964 885 1027 praesentem
910 971 944 1009 ac
970 954 1093 1018 honeste
1114 963 1251 1028 coaptare
1273 972 1338 1009 uon
1360 955 1467 1010 nimiis

161 1046 372 1105 mutationibus
392 1057 547 1121 poetarum
565 1065 697 1113 versum,
728 1048 754 1102 si
778 1048 826 1102 cui
850 1047 919 1113 alii,
944 1045 1104 1102 Plutarcho
1128 1057 1173 1103 est
1195 1047 1352 1104 familiare.
1391 1045 1467 1103 ΧΥ-

161 1140 338 1206 LANDER.
373 1141 491 1203 Versus
510 1158 547 1203 ex
565 1138 718 1218 Euripidis
737 1138 920 1199 Stheneboea
938 1134 1146 1213 petitos·esse,
1165 1150 1353 1214 compertum
1371 1138 1468 1199 habe-

161 1252 227 1297 mus
236 1253 256 1303 ‚e
270 1218 371 1301 Schol.
383 1234 536 1309 Aristoph.
550 1221 644 1309 Vesp.
652 1238 727 1295 1069.
743 1232 819 1290 ‘Cum
828 1232 1029 1293 Valckenario
1044 1231 1066 1290 1.
1076 1250 1100 1287 c.
1117 1232 1289 1308 Euripidem
1300 1234 1469 1308 scripsisse

160 1329 341 1391 crediderim
356 1327 464 1398 ποιητὴν
484 1326 511 1383 δ’
533 1327 596 1403 ἄρα,
625 1325 704 1401 quod
723 1323 870 1391 stabIIitur
888 1326 976 1388 etiam
996 1323 1072 1388 Plut.
1092 1324 1128 1380 de
1147 1326 1235 1398 Pyth.
1258 1344 1344 1388 orac.
1364 1347 1396 1401 p.
1414 1330 1467 1389 465

164 1422 200 1482 Ε.
229 1435 258 1478 et
283 1423 356 1480 Plat.
380 1425 515 1495 Sympos.
541 1441 571 1494 p.
595 1427 645 1478 196
671 1420 705 1480 Ε.
747 1420 850 1495 Neque
879 1422 959 1476 enim
983 1429 1064 1477 recte
1091 1420 1255 1478 adsentitur
1278 1421 1467 1479 Matthiaeus

162 1516 281 1590 Fragm.
302 1499 405 1587 Eurip.
430 1532 459 1587 p.
482 1521 534 1573 336
556 1530 601 1587 sq.
637 1511 791 1585 Bentlejo‚
819 1512 990 1587 Euripidem
1013 1510 1137 1586 μουσικὸν
1160 1509 1188 1570 δ’
1212 1513 1265 1587 ἄρα
1286 1515 1467 1572 -dedisse

163 1609 344 1673 antoniano,
373 1606 441 1673 coll.
460 1606 536 1666 Plut.
555 1607 632 1664 Plut.
656 1606 758 1681 Symp.
782 1607 904 1678 Quaest.
922 1609 951 1677 1,
976 1612 1003 1668 5.
1027 1628 1057 1682 p,
1075 1615 1126 1669 622
1152 1609 1184 1678 G,
1218 1610 1335 1694 Lepido
1352 1615 1470 1692 παρῳδιῖ

163 1699 328 1766 Menander
349 1700 380 1767 io
399 1694 531 1758 Poenulo
549 1718 596 1772 ap·
616 1697 701 1756 Suid.
720 1700 742 1755 Ι.
757 1719 788 1775 p.
807 1709 868 1762 682.

433 1825 508 1897 χρεία
527 1817 640 1872 διδάσκει
656 1815 701 1872 κᾶν
717 1816 829 1889 ἄμουσος
845 1814 863 1892 33
880 1820 959 1899 σοφὸν

431 1911 620 1986 Καρχηδόνιον.

164 2030 244 2090 Vide
262 2031 390 2091 Meiuek.
409 2033 446 2088 ad
464 2029 604 2094 Menaud.
623 2051 653 2107 p,
671 2038 715 2101 93.

230 2199 260 2256 p.
278 2187 329 2249 46,
348 2183 392 2240 33.
427 2179 550 2253 ἄμουσοι]
574 2181 619 2238 Ita
635 2179 794 2254 Wyttenh.
812 2181 904 2239 edidit
919 2200 935 2238 e
952 2184 1020 2242 Bas.
1032 2182 1104 2256 Xyl.
1121 2183 1313 2260 quodetiam
1325 2185 1460 2244 Reisliius

164 2275 342 2356 conjecerat.
378 2273 503 2330 Secutus
521 2282 569 2340 est
579 2274 701 2332 Hutteu.
735 2274 837 2348 Vulgo
855 2273 978 2346 ἄμουσον.
1014 2273 1140 2347 ἄμουσος,
1166 2276 1245 2352 quod
1263 2289 1314 2334 est
1337 2280 1368 2343 iu
1385 2279 1457 2343 loeis

161 2369 227 2452 citt.
247 2364 403 2435 omnibus,
431 2367 520 2427 etiam
536 2363 607 2433 libri
624 2365 762 2441 videntur
778 2365 898 2434 hahere.

231 2533 262 2589 p.
280 2523 329 2584 46,
347 2520 390 2572 33.
425 2516 455 2571 τὸ
477 2518 554 2589 πρὶν]
589 2514 930 2595 dormitandum.
964 2479 967 2482 -

232 2684 260 2739 p.
280 2669 328 2732 40,
349 2665 393 2724 34.
428 2663 590 2742 plistiam]
624 2668 750 2732 literani,
782 2683 819 2734 au
844 2669 967 2723 δέδεικται
990 2668 1122 2744 legatur,
1152 2689 1256 2744 parurn
1289 2647 1406 2730 refert:
1435 2687 1465 2729 ut

165 2757 279 2814 dictum
299 2773 342 2814 est
360 2757 452 2833 paulo
468 2772 556 2827 arete,
581 2767 634 2833 aut
655 2771 685 2813 ut
703 2757 851 2833 exemplis
871 2761 1009 2834 superius
1026 2762 1131 2820 allatis
1149 2764 1396 2847 demonstratum
1412 2781 1465 2824 est.

164 2851 360 2910 REISKIUS.

231 3022 260 3076 p.
279 3007 328 3072 40,
346 3006 389 3063 35.
422 3001 620 3076 πυρακτοῦντες]
646 2988 742 3070 'Confi
763 2979 840 3070 Plut.
866 3001 988 3076 Quaest·
1007 3003 1146 3090 Sympos.
1164 3005 1227 3077 ῙΠ,
1244 3013 1272 3071 2·
1301 3029 1333 3084 P·
1355 3015 1409 3070 648
1432 3010 1464 3070 C.

165 3112 194 3181 p·
213 3101 264 3167 649
281 3093 317 3164 ,6.

233 3263 262 3317 p.
279 3248 328 3311 42,
349 3251 375 3310 i·
409 3247 453 3305 καὶ
472 3239 583 3313 ἁπλοῦς]
617 3245 662 3301 Ita
680 3244 834 3308 emendavi
852 3264 868 3302 e
888 3246 921 3305 B.
940 3246 974 3306 E.
997 3259 1027 3311 et
1042 3249 1194 3325 praeclare
1210 3253 1270 3327 jam
1288 3256 1465 3328 conjecerat
1510 3234 1512 3249 .

165 3337 263 3394 Reislt.
288 3336 384 3411 Vulgo
404 3335 557 3412 legebatur
578 3339 713 3412 δωρητικὸς
732 3343 759 3395 δὲ
778 3334 871 3405 dulor.
892 3337 960 3403 Ald.
979 3340 1048 3399 Bas.
1075 3337 1170 3416 ἁπλοῦς
1189 3345 1251 3407 sine
1276 3352 1322 3402 uui
1341 3348 1463 3410 habent.

166 3432 293 3496 Confer,
324 3432 350 3485 si
370 3434 445 3486 tanti
468 3440 528 3497 est,
553 3432 630 3491 Plut.
646 3432 826 3507 Philopoem.
847 3452 874 3489 c.
896 3433 980 3492 XIII.
1009 3441 1035 3490 tv
1058 3435 1194 3511 dthvirp
1220 3446 1391 3515 συνεπολέμει
1412 3453 1465 3505 τοῖς

165 3531 313 3596 ,Γορτυνίοις
330 3521 377 3596 οὔχ
397 3521 429 3587 ὦς
446 3523 647 3596 Πελοποννήσιος
663 3523 725 3598 (irim
744 3531 788 3581 nal
799 3522 905 3600 Ἆρκῖις,
923 3523 1057 3582 ἃπλοῦκ
1078 3552 1136 3588 τινα
1150 3537 1193 3586 καὶ
1208 3543 1323 3602 γενναῖον
1341 3535 1464 3610 πόλεμον,

165 3615 229 3672 ἀλλὰ
249 3616 279 3670 τὰ
299 3617 429 3689 Κρητικὸν
449 3616 517 3690 ἦθος
541 3617 618 3682 ἐνδύς.
663 3619 858 3693 Aptissimum
882 3641 899 3675 a
926 3621 1081 3678 Plutarcho
1106 3623 1214 3680 lectum
1237 3644 1305 3686 voe.
1338 3641 1465 3706 propter

165 3712 329 3766 institutam
346 3714 597 3787 comparationem
614 3731 681 3779 cum
700 3715 790 3781 ferro,
827 3715 929 3782 Praec.
947 3716 1022 3789 reip.
1040 3734 1104 3790 ger.
1121 3735 1151 3790 p.
1172 3722 1222 3775 802
1239 3722 1273 3779 Β.
1310 3722 1423 3790 danii
1435 3746 1471 3785 ας

164 3811 198 3858 ἐκ
217 3802 340 3876 σιδήρῳ
356 3804 494 3876 μαλάσσων
513 3812 556 3862 καὶ
576 3812 752 3863 καταλεαίνων,
787 3826 816 3866 v.
834 3805 951 3867 Ruhnk.
970 3807 1006 3874 ad
1028 3807 1105 3876 Tim.
1124 3828 1153 3884 p.
1172 3819 1216 3877 86.
1243 3804 1245 3808 Ι

231 3971 258 4026 p,
277 3959 329 4020 42,
349 3961 375 4014 3.
411 3958 479 4025 δίκην
499 3953 604 4031 σιδήρου
625 3956 667 4014 διὰ
687 3958 767 4038 πυρὸς
785 3954 928 4032 felestim]
963 3958 1045 4025 Haec
1066 3962 1185 4037 elegans
1210 3970 1424 4038 ⁰⁰¹¹¹P81¹³Ii⁰2
1452 3989 1469 4025 ³

164 4045 236 4104 ferri
259 4045 386 4103 cudendi
402 4046 515 4104 fabrica
537 4048 638 4110 ducta.
660 4051 795 4124 inprimis
812 4053 843 4106 in
863 4051 979 4109 deliciis
1001 4064 1046 4109 est
1063 4045 1230 4126 Plutarcho.
1266 4057 1421 4131 Ferrum,
1439 4073 1471 4119 ut

164 4141 278 4202 aiiiittat
300 4140 464 4196 naturalem
482 4144 671 4216 asperitatem
688 4143 863 4218 faciliusque
886 4145 972 4200 cedat
987 4147 1193 4213 tundentibus,
1214 4151 1313 4224 primo
1333 4155 1407 4228 igne
1427 4156 1472 4213 la-

163 4243 251 4294 xatur
270 4230 398 4302 ι(ᾑιίιτιιι)
428 4244 457 4289 et
477 4235 639 4304 emollitur,
668 4246 730 4303 tum
757 4255 849 4311 aquae
876 4238 1001 4312 frigidae
1029 4242 1230 4321 Immergitur,
1260 4254 1293 4298 ut
1324 4245 1471 4305 duritiem

164 4329 298 4400 acquirat
321 4338 350 4383 et
373 4326 482 4394 rohur,
512 4348 599 4403 quam
625 4340 734 4384 vocant
754 4329 850 4404 papir.
891 4331 969 4390 Hinc
995 4335 1110 4389 animus
1132 4335 1219 4390 feror
1240 4345 1271 4391 et
1296 4338 1470 4399 indomitus

165 4431 353 4492 comparatur
378 4439 445 4476 cum
471 4423 568 4490 ferro,
597 4421 674 4497 quod
698 4424 859 4479 tincturam
878 4444 970 4500 aquae
991 4428 1119 4499 accepit3
1150 4429 1265 4485 animus
1285 4448 1365 4490 vero
1386 4439 1469 4493 mitis

155 4527 232 4568 ,eum
251 4510 331 4572 ferro
351 4512 419 4584 igne
442 4513 565 4577 mollito.
594 4516 732 4592 ‚Praeilst
756 4517 839 4583 Plato
872 4518 908 4574 de
928 4519 1004 4594 legg.
1031 4519 1069 4580 II.
1090 4538 1119 4594 p.
1139 4528 1190 4579 666
1214 4521 1251 4584 Β.
1278 4525 1467 4602 μαλακώτερόν

84 4652 96 4687 3
152 4625 183 4656 τι
201 4609 228 4655 ἐκ
244 4607 415 4677 σκληροτιζιου
431 4603 461 4661 τὸ
478 4606 522 4678 τῆς
542 4609 625 4682 ψυχῆς
642 4608 726 4682 ἦδος,
747 4609 866 4687 καθάπερ
885 4619 919 4676 εἰς
937 4614 987 4686 πῦρ
1011 4618 1115 4688 σίδηρον
1134 4623 1287 4689 ἐπιθέντα,
1312 4624 1466 4696 γιγνόμενον
