3036 4994
648 186 894 258 ΕΡΩΤΙΚΟΣ.
924 180 929 188 ’
1369 197 1407 261 51

131 368 183 420 aut
202 353 307 437 potins
328 374 433 418 eorum
456 353 631 429 oblivione,
653 376 784 438 quorum
800 355 901 418 Amor
916 364 963 417 est
976 340 1167 421 recordatio.
1208 355 1297 421 Sicut
1311 357 1428 432 enim..

127 484 197 524 cum
229 482 245 523 a
276 481 389 540 sopore
418 459 546 523 excitati
573 460 604 522 iu
634 459 792 539 copiosam
822 471 854 520 et
882 457 1070 538 splendidam
1099 461 1198 525 lucem
1227 463 1409 544 prodimus,

126 563 229 627 omnia
251 585 327 645 quae
347 565 448 627 auimo
468 587 525 647 per
544 564 694 627 somnium
716 563 819 626 oblata
839 562 946 638 fuere,
974 579 1179 630 evanescunt:
1211 567 1253 631 ita
1281 590 1409 642 eorum,
1443 558 1458 579 '¹

127 690 208 748 quae
228 669 277 730 laic
295 669 371 732 fiunt
391 682 421 732 et
442 682 611 757 mutantur,
640 668 816 731 memoriam
836 669 1008 748 percellere
1028 671 1103 743 Sol,
1131 683 1162 733 et
1180 670 1307 736 inlicere
1327 675 1409 737 solet

125 770 371 858 intelligentiam,
393 777 459 836 cnm
482 777 523 836 ob
544 775 732 852 voluptatem
747 786 777 835 et
791 772 1023 836 admirationem
1038 772 1168 837 istorum
1183 776 1408 842 obliviscimur.

127 879 171 940 Et
189 879 310 960 quidem
332 896 387 943 ros'
402 878 465 962 ipsa
489 878 547 960 [ac
568 880 681 943 veritas
702 892 732 942 et
753 877 860 962 vigilia
881 878 946 940 illie
959 890 1005 940 est
1021 877 1053 940 in
1075 880 1171 943 altera
1191 879 1274 944 rita:
1297 883 1328 944 in
1350 885 1409 946 hac

117 982 206 1060 ¹vita,
228 996 261 1046 ut
279 983 311 1047 iu
331 1006 441 1048 somno
461 985 565 1047 Solem
581 996 614 1046 ut
630 984 742 1047 somnii
756 984 853 1046 visum
868 980 1109 1066 pulcherrimum
1125 983 1408 1071 divinissimumque

128 1087 343 1170 amplectimur
362 1112 399 1151 ac
419 1102 595 1169 stupemus.t
1256 1082 1302 1173 ‘0⁴
1408 1092 1410 1097 ’

358 1189 509 1257 Somnio
519 1189 697 1265 fuderunt
708 1188 867 1267 fallacia
887 1189 1005 1257 dulcia
1024 1191 1158 1258 circum

123 1316 193 1358 cum
207 1298 313 1359 credat
327 1295 409 1360 salso
423 1296 558 1369 animus,
571 1295 621 1358 hie
637 1297 738 1358 omnia
755 1298 882 1359 honesta
893 1318 966 1359 esse
981 1311 1011 1361 et
1026 1297 1178 1377 pretiosa,
1193 1296 1252 1360 nisi
1267 1297 1410 1382 obtingat

124 1399 246 1462 divinus
258 1412 288 1461 et
298 1404 458 1462 modestus
469 1422 566 1474 amor,
585 1398 639 1482 qui
649 1421 757 1462 errore
766 1400 825 1463 isto
837 1423 904 1462 eum
916 1399 1037 1474 liberet,
1050 1401 1145 1465 veluti
1156 1404 1292 1467 medicus
1302 1418 1332 1467 et
1342 1426 1410 1466 ser·
1454 1466 1457 1471 ,

124 1517 228 1576 vator,
241 1526 297 1585 per
310 1524 445 1586 corpora
458 1504 583 1567 veniens
595 1507 656 1565 dux
668 1508 706 1566 ad
717 1505 875 1567 veritatem
891 1527 929 1567 ex
941 1505 1049 1569 inseris
1060 1518 1090 1569 et
1103 1529 1241 1586 campum
1256 1508 1409 1583 veritatis,

124 1606 180 1670 ubi
199 1609 298 1687 posita
319 1622 364 1671 est
384 1607 526 1689 copiosa,
553 1631 629 1689 pura
651 1608 832 1690 sinceraque
851 1609 1069 1690 pulchritudo,
1088 1626 1161 1693 past
1180 1611 1307 1692 longum
1329 1627 1408 1676 tem·

94 1736 98 1741 ·
122 1712 210 1793 poris
224 1711 416 1775 intervallum
431 1713 560 1776 fruenda
575 1712 844 1797 amplectendaque
860 1717 898 1776 ab
914 1715 1021 1778 animis
1036 1715 1299 1781 desiderantibus:
1323 1718 1408 1781 illum

126 1814 224 1892 igitur
238 1815 267 1877 in
285 1839 423 1897 campum
440 1818 559 1881 animos
575 1821 706 1881 efferens
720 1841 903 1901 sursumque
918 1821 1075 1894 emittens,
1095 1820 1229 1907 benigne
1242 1821 1281 1884 iis
1295 1826 1409 1899 adstat,
1504 1828 1508 1839 '

125 1920 206 1984 sicut
227 1923 444 2001 mysteriorum
470 1924 501 1986 iu
521 1923 617 1986 sacris
642 1935 929 2003 praemonstrator,
960 1927 1023 1986 huc
1049 1947 1171 1986 rursum
1192 1926 1304 1989 missis.
1345 1927 1410 2008 lpsi

124 2026 246 2108 quidem
266 2049 323 2107 per
341 2048 382 2090 ¹se
404 2027 505 2090 animo
527 2049 589 2090 non
610 2027 830 2108 congreditur,
857 2031 911 2089 sed
937 2049 993 2108 per
1019 2028 1164 2108 corpus].
1202 2028 1289 2091 Sicut
1309 2042 1409 2110 autem

124 2144 301 2217 geometrae
321 2131 443 2212 pueris,
465 2130 518 2214 qui
539 2135 674 2194 noudum
693 2130 808 2194 initiari
822 2154 878 2211 per
892 2153 924 2192 se
938 2145 1067 2210 possunt
1079 2131 1249 2193 sennarum
1267 2118 1410 2214 corporis

96 2235 336 2319 ,etpassionis
369 2237 543 2317 expertium
575 2234 851 2316 contemplationi,
891 2233 1007 2296 tantilla
1038 2247 1068 2297 et
1100 2234 1197 2296 visilia
1230 2236 1407 2319 effingentes

125 2339 266 2421 exeunpla
295 2343 510 2421 sphaerarum,
535 2342 706 2414 cuborum,
736 2342 998 2402 dodecaedrorum
1025 2351 1226 2422 proponuntz
1253 2337 1409 2420 siesnobis

126 2443 270 2507 coelestis
284 2446 384 2509 Amor
396 2445 597 2527 pulchrorum
612 2447 740 2532 pulchra
755 2443 894 2525 specula,
915 2444 1055 2507 mortalia
1071 2457 1101 2508 et
1115 2444 1249 2507 motibus
1270 2445 1409 2510 obnoxia

127 2537 355 2611 divinorumet
375 2550 440 2614 sola
462 2563 560 2613 mente
582 2553 803 2612 cernendorum
823 2548 1026 2623 machinatus,
1046 2547 1077 2611 in
1098 2550 1226 2633 liguris,
1246 2549 1408 2616 coloribus

122 2651 296 2732 formisque
315 2653 553 2719 adolescentium
575 2655 739 2718 rutilantia
753 2676 786 2717 ea
809 2653 900 2724 nobis
928 2654 1071 2729 exhibet,
1098 2646 1339 2740 memoriamque
1359 2653 1408 2718 his

121 2755 214 2821 initio
239 2757 455 2822 inflammatam
482 2760 592 2823 sensim
621 2759 744 2828 excitat.
785 2759 874 2822 Unde
901 2762 943 2822 ob
967 2759 1150 2840 pravitatem
1171 2761 1311 2823 nonnulli
1332 2759 1407 2822 ami-

122 2873 231 2926 corum
249 2876 287 2925 et
310 2863 504 2928 familiarium
527 2866 732 2947 'exstinguere
759 2877 906 2925 conantes
934 2864 966 2925 vi
982 2855 1017 2926 'et
1037 2866 1154 2947 absque
1174 2863 1295 2925 ratione
1314 2847 1407 2924 animi

121 2964 209 3030 istam
235 2968 451 3044 affectionem,
478 2970 594 3031 nullum
623 2967 688 3049 ejus
708 2969 843 3029 fructum
864 2979 1070 3048 perceperunt
1089 2967 1215 3040 utilem,
1245 2968 1299 3028 sed
1318 2964 1404 3029 fumo

120 3094 186 3136 sese
207 3085 237 3136 et
255 3075 386 3137 tumultu
407 3075 629 3155 oppleverant,
650 3074 758 3134 autad
781 3071 954 3150 voluptates
976 3063 1155 3133 tenebrosas
1176 3081 1207 3132 et
1226 3069 1403 3152 illegitimas¹
1500 3122 1508 3143 ,

119 3180 217 3240 effuse
236 3193 358 3242 ruentes
379 3183 618 3241 contabuerunt.
659 3176 719 3255 Qui
735 3187 833 3237 autem
850 3195 921 3236 sana
937 3173 1056 3236 ratione
1071 3177 1243 3238 verecunde
1257 3187 1403 3259 tanquam

118 3280 259 3343 furorem
286 3282 315 3344 ei
340 3282 405 3366 igni
431 3287 627 3354 ademerunt,
657 3294 687 3343 et
714 3279 744 3340 in
771 3279 872 3341 animo
893 3278 1087 3362 reliquerunt
1109 3279 1209 3343 lumen
1230 3293 1321 3365 atque
1340 3280 1402 3343 lul·

120 3406 230 3468 goreur
257 3408 325 3447 cum
353 3387 458 3449 calore
485 3385 648 3463 [movente
675 3406 736 3446 non
758 3383 1010 3456 concussionem,
1040 3397 1073 3446 ut
1093 3383 1215 3467 quidam
1237 3384 1335 3461 dixit,
1349 3389 1401 3449 'ad

117 3511 238 3565 semen,
260 3502 291 3552 et
310 3491 426 3571 lapsum
447 3506 619 3554 atoruorum
642 3493 683 3552 ob
705 3489 879 3551 tenuitatem
899 3503 929 3552 et
945 3488 1150 3551 titillationem
1166 3489 1325 3564 elisarum,
1345 3495 1399 3571 sed

119 3578 313 3660 diffusionem
341 3595 511 3660 mirabilem
537 3609 566 3659 et
592 3597 791 3666 foecundam,
820 3605 961 3672 tanquam
983 3592 1014 3654 in
1035 3593 1136 3674 planta
1158 3593 1348 3674 germinante
1368 3608 1398 3675 et

116 3682 302 3786 augescente
322 3714 499 3784 meatusque
519 3699 704 3782 aperientem
727 3696 870 3780 obsequii
898 3710 927 3761 et
953 3698 1226 3779 benevolentiori:
1254 3698 1277 3761 ii
1295 3720 1395 3780 parvo

117 3998 156 4054 A.
179 3998 206 4052 3.
240 3994 396 4058 ποθοῦντας]
416 3988 569 4063 Wyttenb.
589 4008 605 4044 e
622 3987 684 4044 BE.
719 3985 818 4058 Vulgo
835 3984 989 4042 noemma.

115 4090 151 4147 A.
174 4095 202 4149 4.
236 4085 299 4158 αὐτῇ
315 4106 360 4157 prr
377 4084 421 4139 οὖν
437 4077 483 4154 mi]
504 4085 584 4141 lllcz.
618 4080 719 4155 Vulgo
739 4075 918 4150 diripienti.

115 4180 153 4237 A.
176 4187 201 4238 5.
239 4174 321 4252 ψυχῇ]
339 4177 424 4235 idem.
459 4176 555 4252 Vulgo
572 4171 651 4245 ψυχή.

114 4269 149 4326 Β.
172 4277 198 4329 l.
233 4265 354 4342 ἔσοπτρα]
373 4268 434 4327 ΒΕ.
469 4268 569 4343 Vulgo
587 4273 717 4337 εἵοοπτρα.

113 4360 148 4421 Β.
171 4369 197 4421 2.
232 4361 356 4433 alodarii]
374 4356 434 4421 BE.
455 4359 610 4434 Wyttenb.
645 4358 740 4432 Vulgo
758 4356 849 4414 abest.

112 4456 147 4514 B.
165 4455 216 4516 ult.
234 4452 349 4529 ἅκλινῶς]
366 4454 518 4528 Wyttenb.
540 4474 554 4509 e
574 4454 650 4510 Meu.
673 4463 701 4509 et
719 4450 791 4507 Cod.
809 4451 842 4504 P.
865 4442 955 4504 edidit
971 4446 1067 4512 ἀκλεῶς.

112 4548 145 4604 C.
168 4553 195 4606 4.
229 4555 271 4603 net
288 4545 475 4623 γαργαλισμοῦ]
493 4555 534 4602 καὶ
551 4545 627 4619 apud
645 4540 797 4615 Wyttenb.
815 4542 886 4598 vitio
904 4559 1059 4615 operarum
1078 4540 1194 4598 excidit.
1274 4538 1276 4543 ’

111 4641 143 4701 C.
168 4639 209 4698 ih.
232 4640 354 4709 διάχυσιν]
372 4661 449 4703 vers.
467 4642 537 4714 Xyl.
556 4639 655 4696 lteisk.
675 4638 716 4693 W
719 4633 833 4709 yttenh.
866 4635 964 4713 Vulgo
983 4633 1111 4693 diluluum,
