3036 4994
432 171 670 266 neohrxna
685 198 956 264 ΜΗΓΗΣΕΙΣ.
1299 206 1339 271 ιι

54 363 293 446 corripuerunt,
321 359 390 442 ipso
418 358 571 444 virginem
599 371 721 423 tenente
748 363 908 423 Stratone.
948 357 1001 420 Ab
1029 357 1126 424 altera
1150 374 1240 443 parte
1264 361 1340 428 Cal-

56 468 204 533 listhenes
232 489 302 529 cnm
329 464 393 528 suis
420 487 541 528 manum
567 464 674 548 injecit
698 465 810 546 (quod
836 463 975 546 cogitatu
1000 463 1093 529 facile
1122 471 1208 546 esta)
1238 469 1342 548 puella

56 562 224 639 inteream
245 569 525 646 concertationem,
545 591 608 634 non
629 567 887 643 observantibus,
915 567 970 651 qni
988 571 1047 631 hac
1065 569 1138 634 illac
1157 576 1341 655 raptabant,

56 678 164 760 periit.
206 675 410 739 Callisthenes
430 675 534 738 subito
555 674 682 736 amissus
702 672 778 748 fnit,
798 694 899 754 neque
917 673 1021 736 dicere
1043 674 1202 759 qnisquam
1222 679 1340 759 potnit,

57 782 132 865 qnid
151 780 180 844 ei
200 778 381 842 accidisset:
413 777 480 841 sive
506 791 636 843 mortem
657 778 718 841 sihi
741 777 807 860 ipse
831 777 1002 853 conscivit,
1029 777 1096 840 sive
1122 781 1223 844 exsilii
1248 805 1340 848 cansa

55 885 218 950 Boeotiam
249 881 397 947 desernit.
444 885 551 946 Strato
580 885 681 964 palam
706 904 801 964 snper
830 881 953 962 virgine
982 903 1015 944 sc
1044 881 1143 963 ipsum
1172 882 1338 969 jugulavit.

679 1037 726 1099 ll.

132 1169 228 1235 Philo
249 1167 415 1248 [Phidon]
437 1164 560 1248 quidam
581 1163 743 1249 Argivus,
772 1187 839 1228 cum
867 1165 930 1227 hoe
954 1161 1133 1243 moliretur,
1161 1164 1215 1249 qni
1241 1166 1343 1248 patria

56 1272 155 1354 ipsius
175 1272 207 1336 in
229 1272 302 1335 alias
323 1292 430 1344 omnes
451 1267 661 1350 Peloponnesi
683 1266 825 1331 civitates
838 1267 998 1349 imperinm
1014 1267 1186 1333 obtineret:
1209 1269 1341 1350 primum

53 1376 183 1440 insidias
196 1373 325 1438 tetendit
340 1372 527 1437 Corinthiis.
559 1373 669 1454 Itaque
684 1370 782 1445 arisit,
803 1371 857 1453 qui
870 1374 909 1433 ab
925 1370 962 1434 iis
976 1383 1117 1452 peterent
1130 1372 1342 1437 adolescentes

55 1480 165 1553 mille,
198 1477 310 1563 vigore
342 1489 373 1538 et
402 1475 583 1539 fortitudine
612 1485 828 1556 praestantes:
863 1473 948 1556 iique
975 1477 1034 1538 hos
1064 1475 1234 1551 miserunt,
1264 1480 1342 1540 duce

56 1583 242 1647 Dexandro.
280 1581 317 1642 In
337 1578 438 1642 animo
459 1580 592 1640 hahebat
611 1577 731 1649 Phido‚
756 1577 833 1640 istos
853 1599 909 1658 per
928 1577 1067 1642 fraudem
1088 1579 1281 1662 opprimere,
1307 1594 1342 1644 ut

58 1683 245 1748 Corinthum
271 1682 392 1745 viribus
418 1679 602 1743 deminutam
623 1701 661 1743 eo
681 1678 806 1743 facilins
830 1694 1018 1763 occuparet,
1046 1683 1340 1764 opportunissimam

54 1809 121 1850 eam
148 1785 343 1849 munitionem
370 1783 465 1848 totius
487 1782 699 1863 Peloponnesi
724 1782 883 1877 suturam:
914 1797 945 1847 ct
970 1807 1035 1849 rem
1063 1808 1132 1850 cum
1156 1787 1340 1870 quibusdam

53 1889 149 1954 sociis
163 1889 225 1952 suis
240 1882 495 1961 communicavit,
509 1886 592 1952 inter
605 1908 685 1970 qtaos
699 1882 766 1950 erat
779 1888 885 1950 Abro.
919 1886 980 1949 Hic
993 1889 1180 1963 Demaden,
1201 1891 1340 1973 hospitio

54 1991 152 2076 ipsius
171 1990 284 2068 utenti,
315 2012 380 2052 rem
401 1989 535 2070 aperuit.
576 1988 629 2052 Sic
649 1986 781 2050 Phliasii
801 1989 874 2064 isti,
902 2002 971 2052 ante
990 2003 1111 2071 tempus
1131 1993 1341 2073 opprimendis

54 2095 132 2178 ipsis
159 2094 376 2169 constitutum,
406 2093 593 2156 Corinthum
620 2102 798 2155 evaserunt.
845 2090 948 2154 Phido
975 2104 1075 2155 autem
1101 2116 1213 2172 magno
1239 2097 1343 2159 studio

53 2198 248 2284 inquirebat,
276 2198 346 2279 quis
372 2196 534 2261 consilinm
560 2199 622 2259 hoc
650 2193 746 2277 ipsius
772 2194 974 2277 prodidisset.
1015 2196 1091 2260 ldeo
1117 2196 1179 2259 sibi
1205 2210 1343 2261 metuens

56 2305 168 2376 Abro,
190 2302 375 2366 Corinthum
390 2299 549 2381 profugit,
566 2312 700 2362 assumta
715 2320 815 2361 uxore
829 2311 858 2362 et
871 2297 988 2373 servis,
1003 2297 1099 2383 ioque
1112 2321 1194 2381 pago
1209 2304 1343 2382 quodam

57 2403 265 2470 Corinthiaco
287 2403 445 2480 consedit,
476 2401 527 2464 cni
552 2424 663 2465 nomen
684 2415 750 2466 erat
769 2403 931 2466 Melissus.
972 2403 1022 2466 lbi
1041 2403 1103 2466 sibi
1121 2404 1217 2467 filium
1237 2419 1342 2469 natum

56 2530 75 2572 a
105 2512 179 2572 loco
206 2506 369 2571 Melissnm
399 2505 489 2570 dixit.
534 2504 636 2587 Hujus
663 2527 742 2590 ergo
769 2505 890 2569 Melissi
920 2505 1002 2568 filius
1032 2507 1192 2583 Actaeon,
1220 2509 1343 2574 formae

56 2623 218 2676 venustate
240 2622 270 2673 et
289 2608 433 2691 pudicitia
456 2629 562 2671 omnes
582 2629 655 2671 snos
677 2607 819 2692 aequales
845 2608 1021 2690 superavit:
1050 2625 1227 2695 amatusque
1252 2625 1297 2676 est
1323 2637 1342 2678 a

55 2712 215 2798 plurimis,
245 2711 376 2775 maxime
395 2711 534 2785 Archia,
566 2709 620 2792 qui
640 2731 737 2792 genus
757 2713 796 2772 ab
817 2711 991 2775 Heraclidis
1011 2715 1145 2789 ducens,
1177 2715 1291 2796 opibus
1311 2729 1342 2782 et

56 2818 196 2901 potentia
216 2816 345 2899 reliquis
365 2816 500 2880 anteibat
520 2813 708 2879 Corinthiis.
748 2816 863 2877 Iseum
880 2817 1035 2880 Actaeoni
1050 2839 1113 2881 non
1125 2824 1342 2900 persuaderet,

57 2936 92 2987 ut
118 2922 179 2988 sibi
204 2944 237 2986 se
264 2928 367 2996 daret,
397 2919 430 2983 vi
454 2918 565 3001 rapere
591 2941 720 3001 puerum
747 2942 931 3003 aggressus,
960 2934 1164 2986 comessatum
1192 2923 1278 2987 venit
1304 2929 1344 2988 ad

56 3025 183 3092 Melissi
207 3028 351 3101 domum,
376 3023 546 3087 amicorum
573 3034 603 3085 et
625 3024 788 3087 servorum
812 3025 902 3087 turba
923 3026 1066 3106 stipatus.
1104 3025 1342 3090 Relnctautibus

57 3145 159 3197 antem
173 3143 261 3214 patre
275 3142 306 3192 et
319 3127 441 3201 amicis,
461 3147 498 3188 ac
511 3122 621 3187 vicinis
636 3146 763 3207 quoqne
777 3128 1013 3202 accurentibus,
1033 3140 1064 3191 et
1078 3128 1199 3209 eripere
1213 3151 1343 3210 puerum

59 3234 252 3302 nitentibus:
285 3236 449 3306 Actaeon,
481 3233 552 3292 dum
579 3240 709 3311 utraque
738 3251 811 3310 pars
840 3233 879 3293 ad
909 3252 942 3295 se
971 3253 1039 3294 eum
1067 3232 1181 3309 trahit,
1211 3216 1341 3297 interit:

58 3338 196 3404 Archias
216 3359 285 3400 cum
305 3334 368 3400 suis
387 3337 512 3398 abeunt.
552 3333 701 3396 Melissus
715 3336 849 3396 cadaver
862 3333 919 3396 filii
934 3333 964 3398 in
980 3334 1218 3402 Corinthiorum
1237 3338 1343 3403 sorum

60 3465 130 3506 cnm
160 3439 330 3515 attulisset,
362 3453 454 3522 atque
483 3448 686 3513 ostentasset,
716 3450 747 3502 et
772 3461 789 3501 a
816 3437 927 3522 flagitii
954 3439 1134 3506 auctoribus
1163 3457 1197 3508 ut
1224 3465 1345 3526 poenae

59 3542 445 3636 exigerenturlpetiisset:
477 3563 494 3604 a
522 3541 703 3624 tnagistratu
732 3541 809 3606 nihil
839 3543 938 3619 aliud,
971 3566 1061 3636 quam
1088 3550 1175 3630 qnod
1205 3562 1251 3611 est
1277 3548 1345 3630 ejus

62 3650 249 3725 miseritum,
275 3647 414 3713 abstulit.
454 3649 501 3711 Re
520 3668 599 3731 ergo
619 3645 736 3711 insecta
755 3646 928 3730 digressus,
958 3648 1136 3713 Isthmicum
1157 3663 1343 3716 conventum

63 3754 267 3838 exspectavit.
308 3753 358 3818 lbi
378 3773 549 3817 conscensa
569 3749 707 3832 Neptuni
727 3773 799 3826 ara,
825 3751 1017 3817 Bacchiadas
1035 3754 1200 3818 insectatus
1220 3755 1345 3828 verbis,

62 3861 221 3944 patrisque
246 3856 294 3922 sui
314 3857 456 3922 Abronis
480 3854 634 3920 beneficio
661 3871 923 3932 commemorato,
953 3862 1029 3923 deos
1048 3872 1279 3939 comprecatus,
1308 3861 1345 3920 de

64 3963 148 4028 saxis
168 3984 234 4025 sese
254 3961 401 4044 projecit.
441 3960 542 4026 Paulo
554 3973 627 4044 post
641 3958 965 4043 Corinthiossiecitas
984 3974 1016 4026 et
1035 3961 1130 4044 pestis
1144 3963 1343 4026 invaserunt:

67 4186 102 4246 E.
127 4193 153 4244 2.
191 4185 320 4256 Φλιάσιοι]
336 4193 412 4254 χίλιοι
432 4187 510 4246 Mez.

67 4277 102 4338 F.
125 4286 149 4335 2.
185 4279 355 4353 συναρπάσαι]
383 4281 549 4355 Stephanus
567 4281 725 4341 elaeonis.
761 4283 922 4356 συναρπάσας
941 4277 1031 4340 ABE.
1049 4281 1124 4340 Ald.
1148 4284 1215 4339 Bas,
1243 4280 1344 4337 Petav.

216 4374 429 4440 ouropaduandne
449 4372 560 4431 Schott.
580 4375 616 4433 T.
634 4375 671 4434 V.
693 4377 723 4433 Β.
759 4376 916 4449 Wytteub.
935 4374 1045 4431 mavult
1065 4374 1234 4447 unrrrpaduor.

67 4464 106 4520 A.
131 4464 157 4519 5.
190 4465 237 4518 τοῦ
249 4462 380 4538 Ἰσθμίου]
403 4465 558 4538 Wyttcab.
577 4485 592 4522 e
611 4468 646 4526 B.
668 4468 758 4527 edidit
773 4469 822 4524 τῶν
838 4465 971 4540 Ἰσθμίων,
