3036 4994
631 177 880 248 ΕΡΩΤΙΚΟΣ.
1359 201 1397 262 43

109 336 271 400 munificus
298 347 397 400 autem
418 349 449 402 et
469 338 609 404 liberalis
634 343 672 405 fit
696 343 796 407 omnis
819 365 941 422 ainans,
969 370 1143 434 quanquam
1173 354 1274 418 adhuc
1301 355 1400 422 luerit

108 453 220 516 tenax,
245 442 374 506 avaritia
399 441 458 507 ista
478 455 510 507 et
529 444 780 527 pusillanimitate
799 448 889 532 quasi
906 449 996 514 ferro
1023 452 1095 534 igne
1115 458 1271 524 emollita:
1302 459 1344 524 ita
1365 474 1400 527 ut

110 546 210 630 magis
231 546 291 630 jam
312 552 444 631 gaudeat
464 552 539 613 dans
559 551 693 627 amasio,
714 576 805 636 quam
830 555 870 616 ab
891 554 954 617 alio
969 556 1137 638 accipiens.
1177 563 1287 627 Nostis
1301 564 1400 642 enim,

111 654 473 736 quomodoadAoytum,
484 656 816 732 Anthemionisfilium‚
831 680 900 722 cum
914 659 1075 741 splendido
1091 666 1240 732 convivio
1254 670 1395 752 hospites

112 757 300 841 excepisset,
330 773 534 824 comessatum
561 761 683 826 venerit
711 762 913 838 Alcibiades,
943 765 1073 835 ernesius
1100 767 1186 849 ejus,
1215 784 1246 835 et
1271 774 1398 839 dimidio

111 860 179 926 iere
198 864 383 944 poculorum
406 866 530 943 abhato,
561 865 758 931 discesserit:
789 868 1029 952 hospitibusque
1053 871 1182 936 moleste
1207 866 1400 955 ferentibus,

112 979 143 1030 ct
172 967 396 1033 contumeliose
425 970 564 1050 Anytum
594 974 632 1032 ab
665 969 833 1035 Alcibiade
865 985 1029 1037 tractatum
1062 996 1129 1040 esse
1160 976 1333 1045 dicentibus
1363 1007 1400 1047 ae

112 1074 262 1151 superbe,
282 1074 480 1157 responderit
500 1075 644 1153 Anytus:
669 1075 769 1138 Immo
791 1076 964 1140 humaniter
983 1099 1074 1156 sane,
1094 1081 1166 1165 qui,
1188 1103 1257 1147 cum
1278 1083 1404 1197 licuerit

111 1174 140 1238 ei
161 1178 264 1242 omnia
284 1177 425 1253 auferre,
446 1190 507 1240 tam
529 1178 622 1242 multa
644 1178 718 1243 mihi
737 1178 913 1263 reliquerit.

188 1331 322 1421 XVlll.
362 1296 421 1394 His
442 1334 609 1395 delectatus
630 1332 831 1415 Zeuxippus.
855 1335 909 1400 Dii
930 1336 1024 1414 boni,
1046 1336 1163 1421 inquit,
1186 1362 1277 1420 quarn
1296 1363 1404 1424 parum

110 1436 217 1508 abest,
236 1432 312 1518 quin
332 1455 348 1496 a
369 1434 541 1517 majoribus
561 1442 600 1501 ad
619 1460 677 1502 nos
697 1454 901 1521 propagatum
921 1441 1021 1520 Anyti
1041 1456 1172 1525 propter
1193 1447 1355 1509 Socratem
1374 1461 1407 1513 et

111 1538 342 1620 philosophiam
363 1540 467 1604 odium
487 1541 674 1606 aboleretis:
698 1543 850 1624 siquidem
866 1543 908 1607 ita
924 1544 1064 1627 placidus
1084 1547 1116 1611 iu
1134 1570 1240 1613 amore
1260 1564 1291 1614 et
1310 1573 1407 1635 gene-

114 1666 206 1711 tosus
225 1644 299 1710 fuit.
336 1645 432 1720 Esto,
451 1643 554 1726 iuquit
572 1659 674 1728 pater.
714 1649 881 1713 Praeterea
898 1664 998 1715 autem
1020 1673 1037 1714 e
1057 1653 1193 1717 morosis
1212 1665 1245 1717 et
1261 1652 1406 1720 tristibus

113 1750 145 1815 iu
166 1748 312 1815 convictu
330 1749 528 1814 humaniores
547 1749 664 1834 redigit
683 1764 776 1835 atque
796 1754 980 1819 suaviores:
1003 1777 1072 1818 narn
1092 1754 1175 1821 sicut

303 1873 371 1943 Fit
383 1875 509 1946 domus
525 1879 667 1947 accensi
675 1882 843 1963 flammis
863 1879 1042 1948 illustrior
1062 1881 1171 1965 iqnis:

112 1980 155 2045 ita
183 1980 339 2047 hominem
371 2004 498 2068 quoque
525 1985 613 2048 calor
640 1985 756 2048 amoris
786 1984 862 2049 lacit
885 1986 1137 2050 luculentiorem.
1182 1988 1280 2052 Multi
1306 2000 1407 2054 tamen

113 2101 199 2162 sunt,
226 2087 340 2169 quihus
367 2086 485 2171 aliquid
509 2088 599 2169 plane
619 2086 737 2153 rationi
757 2091 921 2152 adversum
942 2089 1074 2152 accidit:
1108 2090 1162 2174 qui
1182 2092 1207 2154 si
1228 2091 1259 2154 in
1280 2093 1408 2157 aedibus

113 2206 210 2257 noctu
228 2192 388 2275 fulgorem
409 2192 549 2267 videant,
570 2190 708 2255 divinum
729 2195 791 2256 hoc
811 2195 974 2275 deputant,
995 2205 1087 2277 atque
1106 2194 1315 2258 adrrrlrantur:
1339 2219 1408 2261 curn

114 2317 195 2359 vero
215 2294 349 2359 animum
370 2295 525 2378 abjectum
546 2308 577 2360 et
596 2295 741 2359 humilem
757 2296 861 2360 subito
883 2294 1006 2379 impleri
1027 2297 1131 2362 vident
1144 2297 1293 2374 alatione,
1313 2297 1409 2363 liber·

115 2409 195 2472 tate,
224 2398 470 2482 magnificentiae
490 2399 611 2476 studio,
641 2414 817 2479 venustate,
845 2398 1010 2486 largitate,
1039 2423 1102 2466 uon
1122 2402 1209 2468 subit
1229 2403 1267 2468 iis
1287 2402 1409 2487 reipsa

116 2505 236 2575 coactis
257 2506 436 2571 Telemachi
456 2505 534 2571 illud
553 2507 680 2572 elmere:

315 2631 470 2702 Omnino
490 2645 542 2703 est
561 2633 695 2726 aliquis
714 2633 810 2702 intus
830 2631 927 2702 deus.
1025 2709 1027 2713 y
1126 2619 1129 2624 ¹

118 2762 203 2831 Illud
223 2785 317 2839 vero,
338 2763 441 2847 ajebat
456 2763 660 2850 Daphnaeus,
680 2783 784 2827 nonne
798 2761 936 2826 divinum
951 2773 1016 2839 est,
1035 2768 1121 2849 quod
1133 2774 1270 2842 amator,
1288 2748 1411 2850 reliqua

118 2869 221 2938 omnia
242 2881 441 2935 contemnens
459 2868 548 2957 iere,
569 2890 632 2935 nou
653 2865 759 2931 socios
774 2869 867 2931 modo
882 2880 913 2931 et
926 2864 1110 2943 familiares,
1130 2873 1186 2932 sed
1200 2869 1287 2950 leges
1302 2867 1410 2942 etiam,

118 2975 330 3060 magistratus,
360 2996 468 3060 reges,
498 2972 637 3054 nihilque
664 2986 802 3037 metuens
826 2987 879 3041 aut
905 2971 1057 3036 demirans
1081 2984 1173 3056 atque
1198 2971 1286 3036 etiam
1315 2967 1413 3038 belli-

119 3101 241 3148 cosum
253 3077 396 3157 fulmen
418 3081 531 3143 audens
552 3077 739 3153 subsistere,
759 3077 850 3141 simul
871 3089 962 3161 atque
982 3079 1155 3142 formosum
1177 3075 1271 3152 vidit,

314 3205 358 3274 Ut
374 3203 494 3291 pallus
513 3202 594 3303 olas
613 3203 774 3296 trepidus
792 3203 972 3274 dianittens
986 3217 1096 3295 pauet
1106 3254 1118 3291 ,

122 3338 286 3422 omnisque
306 3334 373 3416 ejus
394 3335 519 3399 audacia
541 3349 571 3399 et
590 3333 710 3400 ferocia
731 3335 823 3398 animi
837 3335 959 3417 penitus
975 3334 1138 3400 concidit?
1165 3335 1226 3398 Est
1238 3356 1317 3399 vero
1332 3333 1414 3415 apud

122 3447 234 3509 Musas
254 3464 317 3507 non
338 3441 478 3518 indigna,
505 3462 584 3522 quae
604 3455 879 3517 commemoretur,
910 3442 1048 3521 Sappho.
1088 3441 1168 3503 Nam
1189 3439 1323 3503 Romani
1343 3437 1414 3522 qui-

123 3553 192 3614 dem
209 3548 344 3623 Cacum,
363 3545 501 3610 Vulcani
517 3546 624 3624 filium,
645 3545 731 3629 ajunt
750 3545 853 3629 ignem
874 3556 905 3607 ct
923 3544 1060 3607 flammas
1080 3565 1119 3608 ex
1140 3565 1197 3609 ore
1217 3541 1412 3607 evomuisse:

122 3656 191 3738 ipsa
211 3664 312 3716 autem
334 3673 408 3715 vere
426 3648 495 3734 igni
514 3649 609 3713 mixta
630 3651 771 3734 loquitur
790 3665 821 3714 et
841 3671 897 3732 per
915 3647 1050 3712 carmina
1067 3648 1204 3712 calorem
1221 3650 1317 3713 corde
1338 3667 1415 3708 eon·

125 3771 248 3845 ceptum
275 3755 403 3833 emittit,
431 3775 540 3823 suane
564 3752 771 3822 sonantibus
789 3751 909 3821 Musis
932 3753 1051 3819 amori
1070 3751 1250 3819 medicans
1269 3770 1354 3824 sno,
1380 3760 1416 3811 ut

125 3864 169 3931 ait
188 3863 396 3930 Philoxenus.
438 3862 500 3924 Sed
519 3857 578 3923 nisi
599 3862 641 3923 ob
662 3861 845 3941 Lysandrae
862 3878 998 3922 amorem
1020 3857 1138 3922 oblitus
1159 3879 1210 3931 cs,
1231 3854 1415 3934 Daphnaee,

125 3982 265 4036 veterum
296 3968 594 4032 oblectamentorum
628 3962 659 4027 iu
689 3963 868 4029 mentoriarn
901 3966 997 4031 reduc
1028 3963 1121 4029 nobis
1154 3961 1312 4046 elegantes
1342 3954 1415 4022 illos

128 4177 166 4238 D.
186 4177 239 4237 ull.
258 4176 288 4232 ἂν
303 4179 357 4249 μὲν]
381 4175 416 4236 Ε.
450 4175 552 4250 Vulgo
567 4134 660 4246 driplr
675 4171 728 4233 uir.

129 4271 165 4328 Ε.
182 4272 234 4330 ult.
252 4271 286 4341 τῷ
305 4267 350 4326 τὸν
368 4264 458 4345 καλὸν]
486 4269 544 4326 ΒΕ.
578 4267 679 4345 Vulgo
696 4269 730 4340 τῷ
746 4291 774 4341 γε
790 4269 875 4325 καλὸν.
910 4268 966 4326 τότε
990 4286 1046 4344 pro
1068 4267 1102 4337 τῷ
1128 4287 1155 4335 γε
1178 4262 1263 4333 Ald.;
1290 4260 1325 4332 aqi
1352 4263 1415 4320 sine

134 4455 168 4514 F.
192 4463 217 4516 l.
252 4361 408 4531 cllidlidssic]
434 4454 491 4512 BE.
527 4455 622 4529 Vulgo
640 4456 730 4510 duilon
747 4452 787 4517 ὧς.

132 4549 166 4608 F.
188 4556 214 4609 4.
249 4547 349 4629 dcxiv]
366 4547 426 4606 ΒΕ.
447 4547 515 4606 ΑΙιΙ.
533 4547 602 4605 Bas.
636 4546 737 4623 Vulgo
754 4545 865 4604 Κάικον.
