3036 4994
629 199 879 270 ΕΡΩΤΙΚΟΣ.
1355 207 1394 272 63

109 392 235 446 rarum,
264 370 479 450 rhythmorum
499 366 722 440 accomodans,
751 385 820 426 cum
845 383 902 439 ea,
926 382 1005 447 quae
1024 366 1062 428 ad
1081 368 1253 432 docendum
1274 367 1394 434 faciunt

109 473 302 548 efficaciora,
320 485 382 538 tum
404 494 458 549 ea,
478 493 557 556 quae
571 483 701 544 nocent,
721 482 813 533 cautu
827 467 925 531 miuus
939 465 1045 531 facilia
1063 471 1202 557 redegit:
1224 471 1269 536 sic
1283 487 1393 538 natura

109 577 232 645 mulieri
245 579 449 643 accomodans
464 585 653 639 venustatem
668 577 831 654 adspectus
852 583 883 636 et
894 571 1072 636 illecebram
1087 575 1175 638 vocis
1193 577 1393 662 formaeque,

112 680 285 764 impudicae
305 685 344 745 ad
363 678 518 745 luxuriam
538 689 569 742 et
589 677 695 752 dolos,
717 680 865 741 honestae
884 680 924 740 ad
942 678 1188 742 benevolentiam
1201 680 1263 745 viri
1281 704 1393 764 paran-

112 789 182 850 dam
207 788 333 849 multum
362 784 494 850 contulit
520 782 701 867 adjumenti.
747 781 901 865 Equidem
932 781 1026 844 Plato
1057 783 1285 863 Xenocratem,
1319 787 1395 851 alias

114 912 298 974 generosum
319 904 349 955 et
369 889 612 975 magnanimum,
633 893 688 951 sed
705 887 828 951 iuterim
845 884 984 949 moribus
1002 884 1236 965 austerissimis,
1254 893 1395 955 hortatus

114 1007 175 1071 est,
196 1009 229 1060 ut
242 994 360 1060 Gratiis
380 1017 445 1058 rem
465 1015 583 1057 sacram
602 995 731 1056 laceret.
771 993 909 1055 Probum
924 1003 1024 1053 autem
1039 1004 1069 1054 et
1082 991 1394 1072 pudicammnlierem

112 1099 224 1184 aliquis
243 1099 368 1183 juberet
387 1121 450 1162 non
475 1097 578 1180 inepte
604 1096 720 1162 Amori
744 1095 920 1170 immolare,
945 1108 980 1159 nt
1005 1094 1161 1179 propitius
1189 1109 1220 1160 et
1242 1095 1396 1178 jucundus

113 1206 311 1270 matrimonio
334 1205 430 1278 adsit,
456 1201 506 1278 [et
529 1202 577 1267 vir
596 1203 729 1267 libenter
747 1224 816 1265 cum
836 1221 871 1263 ea
890 1200 1023 1277 habitet,
1049 1203 1169 1285 neque]
1196 1203 1235 1266 ad
1254 1200 1343 1266 aliam
1363 1223 1396 1266 se

113 1311 280 1377 conferens
300 1319 434 1392 cogatur
454 1305 556 1371 dicere
575 1306 693 1372 isthaec
712 1303 890 1369 comoediae
910 1308 1028 1384 verbus

305 1407 458 1503 Qualem
476 1410 587 1477 miser
604 1407 790 1476 mulierem
810 1407 926 1488 afficio
945 1408 1094 1487 injuria.

114 1514 241 1582 Etenim
274 1515 305 1579 in
338 1513 486 1599 conjugio
512 1536 630 1590 amare,
661 1535 751 1599 quam
776 1513 892 1586 amari,
921 1510 1019 1594 majus
1045 1525 1092 1578 est
1117 1516 1253 1578 bonum:
1286 1528 1396 1599 utpote

115 1620 244 1684 abolens
264 1618 372 1695 multa,
392 1617 454 1683 imo
475 1618 575 1683 omnia
596 1618 723 1695 delicta,
743 1640 829 1704 quae·
841 1617 1067 1683 matrimonium
1085 1624 1287 1704 corrumpunt
1303 1635 1395 1705 atque

115 1723 276 1805 dissipant.

190 1827 322 1890 XXIV.
362 1828 432 1892 Jam
452 1830 646 1892 vehementes
665 1827 738 1891 illae
764 1826 856 1891 animi
875 1826 1101 1892 commotiones
1128 1840 1159 1892 et
1184 1851 1324 1908 morsus,
1353 1831 1394 1895 mi

113 1930 294 2015 Zeuxippe,
320 1930 375 2015 qui
394 1931 483 1997 initio
504 1931 653 1996 connubii
673 1932 897 2005 interveniunt,
923 1952 985 1994 nou
1006 1943 1067 2006 est,
1098 1945 1131 1995 nt
1150 1954 1297 2020 vereare,
1326 1948 1394 1998 tan·

113 2058 205 2119 quam
219 2036 306 2099 uleus
320 2049 372 2099 aut
384 2036 599 2102 laniationem:
617 2056 791 2119 quanquam
806 2057 843 2098 ne
857 2037 919 2098 hoc
934 2033 1055 2114 quidem
1070 2034 1110 2099 sit
1123 2036 1395 2112 reformidandum,

113 2143 304 2221 comproba
325 2141 469 2215 muliere,
495 2139 586 2205 etiam
607 2150 735 2221 accepto
756 2141 899 2213 vnlnere,
927 2138 1093 2201 connaseia
1125 2143 1285 2221 quomodo
1306 2141 1395 2203 etiam

113 2248 245 2309 arbores
265 2244 346 2307 inter
366 2266 400 2307 se
420 2244 610 2308 coalescunt.
650 2244 710 2305 Est
735 2255 834 2304 autem
862 2240 1053 2307 exulceratio
1074 2242 1177 2307 foetus
1202 2245 1396 2328 producendi

113 2346 245 2412 initium.
289 2351 362 2412 Non
393 2347 472 2412 enim
502 2347 744 2430 permiscentur,
777 2369 856 2431 quae
885 2370 917 2410 se
948 2347 1079 2412 invicem
1110 2370 1172 2412 non
1203 2351 1394 2413 adiecerunt.

113 2452 307 2518 Perturbant
327 2451 418 2516 etiam
438 2455 617 2515 mathemata
638 2473 773 2534 pueros,
803 2474 870 2514 cum
892 2455 931 2515 ad
950 2474 987 2515 ea
1007 2475 1040 2515 sc
1058 2452 1189 2534 primum
1211 2455 1395 2529 conferunt,

114 2569 146 2621 et
175 2556 374 2641 philosophia
406 2557 628 2621 adolescentes.
677 2558 723 2621 At
751 2577 850 2640 neque
883 2556 931 2620 his
963 2578 1083 2639 semper
1116 2558 1308 2622 adhaerescit
1340 2559 1393 2622 illa

114 2660 284 2737 acerbitas,
309 2683 410 2745 neque
430 2682 551 2724 uuorsus
572 2660 763 2736 amantibus,
787 2664 856 2736 sed,
887 2664 1143 2743 quemadmodum
1164 2664 1199 2727 lit
1218 2662 1394 2747 liquoribus

112 2765 145 2830 in
165 2789 256 2830 unum
277 2766 432 2843 confusis,
454 2766 609 2848 principio
624 2762 887 2830 efferves'centiam
903 2769 1053 2848 quandam
1074 2779 1105 2830 et
1124 2755 1394 2831 conturbationem

112 2871 216 2935 Amor
235 2873 355 2935 efficere
377 2870 513 2945 videtur,
532 2870 625 2952 paulo
645 2882 718 2953 post
737 2882 877 2952 tempore
896 2869 1057 2933 subsidens
1077 2882 1108 2932 et
1126 2881 1312 2952 repurgatus
1332 2881 1395 2931 sta·

113 2975 293 3040 bilissimam
320 2975 526 3039 adfectionem
554 2973 666 3057 gignit.
711 2977 798 3038 Haec
824 2974 903 3036 enim
933 2984 979 3036 est
1006 2993 1041 3035 re
1066 2994 1140 3037 vera
1170 2984 1309 3037 totorum
1339 2994 1396 3055 per

112 3093 180 3145 tota
209 3078 341 3144 mixtio:
374 3078 426 3156 [at
452 3078 562 3142 mixtio
592 3078 760 3163 conjugum
794 3099 857 3141 non
885 3076 1049 3140 sonantium
1075 3076 1200 3159 similis]
1229 3077 1395 3160 Epicureis

114 3182 310 3250 contactibus
342 3183 409 3246 istis
443 3194 474 3247 et
506 3183 775 3266 complexionibus
808 3181 930 3245 videtur
963 3179 1141 3244 collisiones
1173 3182 1334 3266 percipere
1364 3196 1395 3247 ct

113 3286 268 3361 resultus,
297 3285 465 3350 unitionem
485 3301 583 3352 autern
604 3301 718 3353 tantam
739 3310 801 3352 noo
822 3289 962 3362 efficere,
990 3299 1133 3370 quautam
1153 3308 1241 3352 amor
1261 3301 1394 3370 praestat

114 3395 155 3457 ad
174 3390 354 3456 societatem
373 3391 538 3474 conjugum
553 3414 620 3457 sese
634 3393 803 3477 applicans.
844 3395 923 3455 Nam
938 3413 1037 3474 neque
1052 3390 1199 3474 urnajorem
1214 3395 1394 3458 alteralteri

114 3497 306 3580 voluptatem
336 3499 485 3576 praebere
509 3509 632 3579 potest,
661 3520 761 3581 neque
787 3497 884 3581 magis
913 3511 1077 3580 perpetuas
1104 3497 1266 3573 utilitates,
1293 3521 1393 3583 neque

116 3601 184 3666 aliis
203 3601 234 3666 io
249 3599 522 3684 conjunctionibus
539 3600 635 3667 moris
649 3605 792 3667 honestas
806 3615 837 3665 et
850 3603 994 3667 omnibus
1008 3608 1179 3684 expetenda
1192 3603 1394 3669 conrrrroditas

114 3706 244 3789 perinde
263 3705 392 3782 eminet,

309 3806 502 3877 Unanimes
521 3829 631 3893 quam
650 3831 729 3875 cum
749 3806 903 3877 didicere
921 3812 1075 3880 ›naritus
1093 3822 1126 3878 et
1145 3832 1243 3883 umor

307 3912 502 3983 Incoluisse
521 3913 685 3983 domum:

116 4045 186 4086 cnm
204 4034 236 4086 et
254 4019 306 4084 lex
325 4020 370 4083 eis
391 4019 612 4103 adstipuletur:
634 4030 665 4083 et
684 4017 769 4101 ipsos
789 4021 864 4083 deos
883 4023 921 4082 ad
936 4020 1105 4084 communis
1124 4019 1224 4103 prolis
1243 4041 1390 4101 procrea·

116 4123 232 4191 tionem
252 4124 393 4209 indigere
412 4123 540 4189 Amoris
558 4145 669 4205 opera,
690 4126 832 4187 ostendat
845 4135 964 4190 natura.
1006 4125 1058 4188 Sic
1072 4123 1150 4188 enim
1164 4127 1277 4206 po'e‘tae
1291 4124 1391 4208 ajunt,

118 4229 250 4306 [terram
269 4227 378 4292 imbris
398 4250 504 4292 amore
523 4229 643 4293 teneris
674 4227 796 4313 physici
822 4227 945 4305 dieunt,
973 4230 1094 4293 coelum
1118 4232 1256 4309 terrae]‚
1286 4231 1389 4296 Solem

117 4409 154 4465 Α.
174 4415 200 4466 d.
233 4414 286 4482 pte]
304 4413 415 4468 inserui
432 4430 448 4468 e
465 4411 527 4470 BE.

117 4502 157 4560 A.
173 4498 213 4560 il).
232 4501 328 4576 ὄμβρου
346 4507 431 4574 γαῖαν]
449 4502 556 4578 adjecit
572 4502 729 4577 Wyltenb.
749 4522 765 4560 e
783 4504 845 4564 ΒΕ.

115 4596 157 4656 A.
174 4602 201 4652 7.
234 4595 295 4668 lpqir
311 4599 338 4651 m
351 4594 420 4667 ἥλιον
435 4595 550 4669 uelim]
579 4599 623 4655 sic
640 4597 730 4656 verba
747 4598 890 4656 collocavi
908 4617 947 4655 ex
964 4598 1003 4661 E.
1033 4597 1136 4678 Vulgo
1159 4598 1234 4672 iqtms
1254 4603 1287 4652 tte
1306 4596 1416 4658 colurus

267 4696 279 4744 ἐ
300 4688 337 4747 ”ν.

142 4797 235 4842 reum
250 4710 313 4851 tw
1084 4793 1109 4858 b
