3036 4994
574 196 825 269 ΕΡΩΤΙΚΟΣ.
1304 204 1343 267 tt

56 366 87 431 iu
108 365 226 453 quovis
244 387 393 449 corpore,
414 374 465 429 aut
487 363 663 428 valedicunt
683 359 898 438 matrimonio,
920 373 971 423 aut
986 361 1016 424 id
1029 384 1123 426 rurae
1136 386 1199 428 non
1213 366 1345 443 babent,

55 495 155 554 neque
170 494 296 552 operam
311 474 398 553 daut,
418 484 451 534 ut
465 480 567 532 avueut
582 482 613 533 et
626 481 779 531 amentur.
812 465 1019 551 Zee'pyaodoe
1032 481 1130 532 autem
1145 482 1176 532 et
1188 470 1345 555 στέργειν,

56 580 142 657 quod
162 590 209 640 est
230 574 329 658 diliqi
348 589 379 639 et
400 571 565 656 diliqere,
585 573 677 636 unica
693 572 783 636 litera
804 592 820 633 a
839 571 973 650 στέγειν,
995 578 1081 652 quod
1100 587 1147 636 est
1161 576 1346 666 perferre,

60 683 223 754 differunt,
249 680 410 764 primaque
436 680 542 742 sroute
568 680 733 741 ostendere
760 676 904 739 videntur
929 678 1176 742 benevolentiam
1204 694 1347 763 tempore

57 798 88 850 ot
108 787 326 849 cousuetudine
352 784 529 847 necessitati
556 783 753 864 permixtam.
795 780 856 844 Cui
884 803 961 845 vero
988 781 1140 865 conjugio
1164 787 1264 851 Aruer
1291 793 1346 853 ad.

56 891 239 971 spiraverit,
269 888 400 972 primum
427 901 571 970 tanquam
600 910 617 951 c
643 888 806 952 Platonica
832 884 959 950 civitate
983 885 1071 968 ejicit
1095 909 1190 952 voees
1209 911 1347 979 meum,

55 1006 166 1064 tiaram.
200 1001 225 1058 N
231 1017 272 1059 ou
287 994 367 1059 euim
383 993 565 1074 simpliciter
578 990 780 1057 eommunia
794 991 1012 1063 cuneorum,
1031 989 1101 1072 [sed
1118 992 1148 1056 in
1168 994 1207 1057 iis
1221 1007 1348 1072 tautum,

52 1101 108 1183 qui
130 1100 318 1183 corporibus
339 1097 505 1180 disjuncti]
528 1096 643 1159 animas
664 1094 697 1157 vi
712 1097 891 1158 conducunt
905 1108 935 1158 et
953 1095 1144 1180 colliquaut3
1166 1121 1234 1162 cum
1249 1123 1351 1183 neque

54 1206 151 1269 velint
171 1209 233 1268 duo
254 1226 337 1277 esse,
356 1204 460 1284 neque
474 1205 536 1264 duro
554 1223 587 1264 se
604 1220 672 1264 esse
689 1212 844 1266 censeant.
871 1199 1006 1264 'Deinde
1030 1215 1134 1265 arvatua
1155 1206 1351 1281 reverentia,

54 1300 115 1391 qua
131 1310 263 1372 maxime
277 1329 357 1388 opus
371 1310 465 1370 habet
482 1304 676 1392 eonjugium.
718 1308 795 1368 ttau
816 1316 942 1367 externa
957 1304 1029 1380 illa,
1049 1306 1150 1392 legum
1166 1308 1353 1375 necessitate
1461 1324 1465 1335 “

54 1414 172 1496 magis,
194 1435 286 1498 quam
309 1413 483 1485 voluntate,
505 1411 691 1483 constricta,
712 1412 755 1473 o'b
776 1412 926 1491 pudorem
948 1423 1131 1487 ermetem,
1188 1448 1190 1453 =

288 1538 473 1607 Permulta
484 1540 598 1618 frena
617 1538 802 1630 multaque
821 1538 1067 1622 qubernacula
1150 1620 1153 1627 Ι

56 1681 222 1747 desiderat.
264 1682 378 1747 Amori
398 1694 512 1747 tautum
534 1686 620 1747 adest
639 1680 867 1758 continentiae,
899 1683 1083 1755 modestiae,
1112 1685 1287 1762 fidelitatis,
1315 1701 1353 1752 ut

55 1788 145 1851 etiam
167 1787 195 1851 si
215 1787 409 1852 libidinosam
436 1787 576 1872 attigerit
601 1787 748 1862 animam,
775 1810 841 1850 earn
871 1790 910 1850 ab
936 1787 1005 1851 aliis
1026 1791 1186 1855 amoribus
1205 1804 1350 1869 avertat,

54 1892 236 1976 ferociaque
260 1908 290 1959 et
314 1893 521 1975 protervitate
544 1891 675 1967 excisis,
706 1891 942 1966 verecundiam,
972 1893 1228 1971 taciturnitatem,
1261 1906 1350 1961 trau·

55 1996 239 2083 quillitatem
263 1996 506 2081 modestiamque
534 1995 698 2071 conciliet,
728 1997 844 2079 unique
868 1997 999 2060 amatori
1026 1997 1121 2061 faeiat
1146 2001 1351 2080 morigeram.

55 2101 253 2166 lnaudivistis
284 2105 365 2165 haud
394 2101 509 2174 dubie,
533 2100 608 2185 quid
635 2099 728 2163 Laidi
756 2098 921 2183 obtigerit.
969 2101 1098 2164 Nobilis
1128 2101 1195 2175 illa,
1227 2115 1257 2166 ct
1287 2118 1349 2167 tam

56 2206 159 2270 turultis
185 2218 282 2269 amata
312 2205 407 2279 viris,
438 2225 518 2285 quiae
546 2202 595 2267 sui
623 2203 778 2267 desiderio
808 2203 972 2268 Graeciam
1002 2204 1226 2280 inflammavit,
1256 2223 1350 2291 atque

55 2315 134 2374 adeo
156 2314 193 2373 de
213 2333 273 2394 qua
292 2314 354 2372 dno
372 2307 465 2372 maria
481 2321 698 2373 certaverunt:
720 2320 885 2392 postquam
906 2331 971 2371 eam
990 2298 1185 2392 Hippolochi
1207 2312 1350 2378 Thessali

56 2437 145 2479 aanor
166 2416 293 2489 invasit,
313 2409 594 2494 Acrocorintho,
624 2412 686 2497 qui
706 2412 815 2480 uiridi
834 2414 888 2489 (ut
908 2412 960 2477 ille
980 2412 1043 2491 ait)
1064 2412 1161 2481 unda
1182 2415 1349 2504 alluitur,

57 2518 221 2596 desertO,
252 2543 395 2605 magnum
426 2518 558 2582 aliorum
587 2531 757 2582 amatorum
789 2519 865 2580 elatu
895 2519 1128 2604 subterfugiens
1157 2522 1349 2599 exereitum,

58 2628 195 2688 rvaodcste
216 2630 254 2688 ad
267 2648 334 2688 emu
351 2623 517 2688 concessit.
559 2621 609 2686 lbi
622 2644 700 2686 vero
715 2646 780 2706 eam
797 2623 956 2696 mulieres,
977 2623 1092 2687 invidia
1109 2626 1348 2708 pulchritudinis

57 2743 88 2793 et
114 2729 316 2794 aeumlatioue
342 2728 508 2810 impulsae,
538 2728 569 2790 iu
596 2727 741 2810 templum
763 2730 897 2794 Veneris
924 2734 1086 2793 adductam
1113 2731 1267 2813 lapidibus
1289 2737 1348 2796 ob-

57 2845 205 2896 ruerunt:
232 2839 326 2909 unde,
347 2847 382 2898 ut
400 2833 565 2915 probabile
586 2846 649 2907 est,
674 2832 829 2917 hodieque
851 2834 986 2899 Veneris
1000 2835 1181 2905 ,homicidae
1201 2838 1349 2917 templum

58 2937 182 3002 dicitur.
222 2938 377 3003 Novimus
398 2938 489 3002 etiam
511 2937 687 3011 ancillulas,
708 2960 787 3021 quae
807 2942 955 3002 herorum
977 2940 1178 3002 concubitum
1193 2938 1349 3019 hvgerint,

57 3056 88 3106 et
106 3042 265 3124 privatos,
286 3043 340 3127 qui
359 3043 485 3125 reginas
506 3042 699 3123 spreverint,
722 3065 791 3105 eum
811 3034 996 3107 cereorum
1015 3041 1225 3116 domiuiosuo
1247 3045 1350 3108 Artior

58 3160 255 3228 occupasset.
297 3147 384 3210 Sicut
410 3146 490 3209 enim
510 3149 646 3222 Romae,
677 3147 829 3209 dictatore
857 3161 981 3220 creato,
1008 3146 1349 3231 reliquimagistratus

59 3252 243 3315 abdicantur
257 3273 382 3315 omncs:
403 3251 447 3314 sic
462 3273 541 3334 quos
555 3253 658 3314 Amor
672 3250 813 3314 domiuus
827 3251 953 3324 invasit,
968 3251 1015 3313 illi
1029 3274 1044 3313 a
1060 3251 1189 3334 reliquis
1204 3253 1348 3318 omuibus

59 3355 193 3420 dominis
227 3355 319 3417 liberi
349 3370 379 3419 et
413 3354 588 3419 manumissi
621 3369 764 3440 tanquam
794 3356 891 3418 sacris
921 3355 1037 3417 addicti
1067 3356 1150 3419 servi
1180 3361 1347 3439 postmodo

59 3467 203 3548 degunt.
229 3459 348 3524 Mulier
364 3473 462 3523 autem
477 3460 626 3545 ingenua,
647 3461 679 3522 vi
693 3459 807 3523 amoris
822 3484 890 3523 eum
903 3483 960 3524 suo
978 3473 1207 3542 contemperata
1224 3463 1348 3538 marito,

59 3567 219 3648 amplexus
240 3587 381 3628 ursarum
402 3579 432 3629 et
452 3569 621 3631 draconum
641 3565 745 3649 potius
760 3563 941 3642 sustinebit,
962 3562 1052 3650 quam
1070 3569 1345 3632 contrectationem

62 3686 93 3736 et
114 3671 312 3736 concubitum
333 3669 425 3734 alieni
447 3670 520 3734 viri.

66 3999 100 4055 F.
125 4006 150 4054 7.
185 3996 245 4066 τὸν]
269 3998 346 4072 apud
363 3998 519 4073 Wyttenh.
540 4002 611 4057 vitio
629 4019 785 4077 operarum
800 4005 918 4064 excidit.

66 4089 100 4145 F.
118 4089 169 4148 ult.
188 4087 339 4163 ἀποδρᾶσα]
362 4090 399 4150 Ε.
433 4092 528 4168 Vulgo
546 4089 722 4167 ἀποδράσασα.

69 4182 108 4236 Α.
130 4188 156 4238 6.
190 4182 235 4237 τοῦ
257 4187 426 4256 καλουμένου]
450 4184 612 4257 Xylantler.
648 4187 744 4261 Vulgo
760 4189 808 4243 τοῦ
825 4190 912 4246 καλοῦ.

69 4275 110 4331 A.
129 4276 155 4331 7.
191 4274 236 4338 τὰς
261 4273 338 4340 ἄλλας
362 4274 442 4350 ἀρχὰς
463 4278 523 4342 τοὺς
545 4284 659 4348 lycaeus]
686 4281 843 4353 Wyllenlt.
862 4303 877 4339 e
897 4283 954 4341 BE.
990 4283 1087 4362 Vulgo
1103 4284 1162 4350 voire
1181 4285 1258 4352 ἄλλας
1275 4286 1353 4364 ἀρχὰς

218 4375 327 4434 tharrae.
362 4370 458 4428 Etiam
474 4371 541 4433 Ald.
560 4383 589 4429 et
605 4373 674 4436 Bas.
693 4385 759 4431 ante
777 4375 852 4441 ἄλλας
867 4377 976 4435 habent
992 4377 1044 4443 τὰς.
