3036 4994
138 248 176 312 36
615 238 949 306 ΠΛΟΥΤΑΡΧΟΥ

85 418 107 475 C
136 401 186 471 ότι
214 408 270 471 καὶ
292 401 534 487 Ἀριστογείτων
563 398 582 464 ό
605 398 789 480 Ἀθηναῖος
817 404 875 465 καὶ
898 397 1069 468 Ἀντιλέων
1095 401 1354 478 Μεταποντῖνος
1379 404 1434 468 καί

135 506 348 583 Μελάνιππος
371 502 624 592 Ἀκραγαντῖνος
652 500 690 567 ού
719 503 908 590 διεφέροντο
934 506 1002 579 τοῖς
1027 501 1217 590 τυράννοις,
1245 501 1366 569 πάντα
1394 505 1433 570 τά

133 609 310 698 πράγματα
331 607 584 691 λυμαινομένους
602 608 656 669 καὶ
674 608 914 690 παροινοῦντας
936 603 1086 692 ὁρῶντες·
1112 605 1179 669 ἐπεὶ
1198 605 1234 668 δὲ
1252 605 1337 682 τούς
1355 606 1433 693 ἐρει-

132 716 248 797 μέυους
266 709 371 775 αύτῶν
391 707 544 793 ἐπείρων,
573 701 679 794 ῶσπερ
701 708 800 791 ἱεροῖς
820 705 952 783 ἀσύλοις
977 711 1034 772 καὶ
1060 704 1212 784 ἀθίκτοις
1231 706 1433 791 ἀμύνοντες,

131 815 313 904 ἠφείδησαν
333 813 461 876 ἑαυτῶν.
480 811 620 893 Λέγεται
634 814 690 874 καὶ
704 807 918 897 Ἀλέξανδρος
938 810 1114 874 ἐπιστεῖλαι
1128 809 1307 900 θεοδῶρφ,
1330 813 1433 898 Πρω-

131 922 204 983 τέου
224 915 355 1005 ἀδελφῷ
361 964 370 994 ,
398 915 565 1001 ,Πέμψον
585 936 643 991 μοι
664 911 723 992 τὴν
742 913 949 1000 μουσουργόν
970 913 1048 978 δέκα
1070 911 1215 979 τάλαντα
1237 915 1374 998 λαβὼν,
1403 910 1434 981 εί

128 1022 173 1104 μὴ
194 1020 271 1110 έρρῖς
291 1017 431 1096 αύτῆς·“
459 1015 569 1103 έτέρου
592 1016 626 1079 δὲ
649 1018 712 1079 τῶν
736 1015 871 1102 ἑταίρων
886 1013 1135 1102 Ἀντιπατρίδου
1154 1015 1236 1100 μετά
1256 1018 1432 1105 ψαλτρίας

127 1120 405 1206 ἐπικωμάσαντος,
426 1117 526 1199 ἡδέως
545 1119 708 1194 διατεθείς
723 1118 806 1204 πρός
825 1118 883 1198 τὴν
899 1117 1095 1204 ἀνθρωπον,
1115 1121 1256 1206 ε’ρέσθαι
1273 1121 1338 1186 τὸν
1355 1119 1431 1187 Ἀν-

74 1226 101 1282 D
127 1225 331 1313 τιπατρίδην,
354 1272 367 1298 ,
381 1220 427 1287 θύ
441 1222 546 1302 δὴπου
559 1222 600 1286 σύ
612 1220 776 1306 τυγχάνεις
789 1222 870 1310 ε’ρῶν
881 1220 999 1300 ταύτης
1006 1231 1038 1304 “3
1057 1210 1116 1287 τού
1129 1225 1181 1305 δέ,·
1201 1225 1298 1302 ,Καὶ
1313 1225 1428 1291 πάνυ*

125 1327 308 1416 φὴσαντος,
329 1323 447 1407 είπῶν,
469 1323 646 1409 ,Ἀπόλοιο
667 1325 773 1390 τοίνυν
791 1325 892 1402 κακός
909 1329 1053 1403 κακῶς,“
1075 1325 1289 1412 ἀποσχέσθαι
1304 1334 1370 1396 καὶ
1383 1329 1428 1415 μὴ

127 1434 237 1514 θιγεῖν
256 1432 313 1509 τὴς
331 1427 494 1510 γυναικός.

201 1556 256 1638 ιζ’.
294 1556 417 1622 Σκόπει
436 1555 544 1621 τοίνυν
566 1544 686 1635 αὖθις,
719 1553 799 1645 ἔφη,
828 1559 897 1632 τοῖς
919 1555 1048 1643 ἀρηίοις
1070 1554 1176 1645 ἔργοις
1205 1552 1289 1624 ὅσον
1310 1558 1424 1650 Ἔρως

123 1659 298 1748 περίεστιν,
318 1658 377 1725 ούκ
392 1658 492 1744 ἀργός
507 1656 562 1737 ῶν,
585 1659 627 1736 ῶς
644 1658 821 1746 Εὐριπίδης
836 1658 961 1742 ἔλεγεν,
983 1658 1059 1725 ούδέ
1073 1657 1305 1749 ἀστράτευτος,
1328 1665 1403 1731 οὐδ’

290 1762 293 1769 ’
312 1762 370 1828 Ἐν
388 1764 590 1849 μαλακαῖσιν
608 1760 780 1846 ἐννυχεύων
797 1767 948 1850 παρειαῖς
966 1762 1130 1830 νεανίδων.

121 1891 221 1981 Ἀνὴρ
241 1892 304 1981 γάρ
324 1890 722 1979 ύποπλησθεὶςἜρωτος,
750 1888 973 1979 ούδένἎρεος
992 1893 1096 1958 δεῖται
1113 1892 1301 1980 μαχόμενος
1318 1898 1422 1964 πολε-

120 1996 228 2082 μίοις,
250 1994 338 2062 ἀλλά,
354 1996 412 2061 τόν
431 1994 531 2062 αύτού
550 1994 636 2059 θεόν
655 1991 735 2079 ἔχων
752 1991 907 2071 συνόντα,

312 2102 388 2189 ΙΕρ
408 2104 465 2165 καὶ
481 2096 667 2163 θάλασσαν
686 2101 742 2163 καὶ
761 2097 865 2174 πνοάς
883 2097 941 2174 τὰς
960 2091 1100 2184 αἰθέρος

312 2204 428 2294 Περρῖν
448 2203 577 2285 ’ίτοιμος

115 2328 195 2415 ύπέρ
219 2329 278 2395 τού
300 2329 416 2418 φίλου,
439 2320 537 2415 ούπερ
558 2324 599 2392 ἀν
619 2326 739 2419 κελεύῃ.
781 2329 854 2393 Τῶν
871 2334 931 2412 μέν
951 2327 1014 2415 γάρ
1030 2328 1088 2394 τού
1101 2328 1307 2417 Σοφοκλέους
1322 2331 1410 2395 Νιο-

65 2433 90 2490 Ε
116 2433 216 2518 βιδῶν
241 2433 452 2516 βαλλομένων
473 2435 529 2495 καὶ
554 2431 785 2511 θνησκόντων,
812 2429 1023 2498 ἀνακαλεῖταί
1050 2457 1097 2513 τις
1126 2432 1242 2500 ούδένα
1271 2433 1412 2516 βοηθόν

117 2535 216 2603 ἀλλον
237 2535 312 2604 οὐδὲ
331 2533 520 2620 σύμμαχον,
544 2530 567 2613 ἡ
586 2534 644 2597 τόν
666 2533 823 2618 έραστὴν,

305 2627 345 2704 Ὦ
367 2682 672 2704 ..............
692 2633 774 2724 ἀμφ’
795 2636 873 2720 ε’μού
892 2639 1026 2707 στεῖλαι.

115 2766 312 2853 Κλεόμαχον
336 2766 371 2830 δέ
394 2764 451 2839 τόν
476 2758 670 2850 Φαρσάλιον
691 2762 757 2827 ἴστε
777 2761 948 2842 δὴπουθεν
967 2764 1001 2844 ἐξ
1021 2756 1059 2846 ἡς
1079 2763 1187 2846 αἰτίας
1210 2768 1417 2852 ἐτελεύτησεν

116 2869 366 2954 ἀγωνιζόμενοςς
391 2864 458 2951 Οὐχ
475 2865 567 2948 ἡμεῖς
585 2867 681 2949 γοῦν·
701 2868 825 2955 οἱπερὶ
844 2868 1034 2952 Πεμπτίδην
1047 2868 1197 2961 ἔφασαν·
1216 2872 1288 2938 ἀλλ’
1311 2873 1417 2957 ἡδέως

115 2973 157 3039 ἀν
183 2973 392 3055 πυθοίμεθα.
430 2972 502 3036 Καὶ
521 2970 585 3058 γάρ
601 2969 704 3049 ἀξιον,
731 2968 794 3058 ἔφη
817 2970 835 3036 ό
855 2973 976 3061 πατὴρ·
999 2965 1075 3054 ἡκεν
1092 2976 1263 3062 ἐπίκουρος
1287 2979 1414 3044 Χαλκι

115 3080 205 3143 δεύσι
221 3077 280 3139 τού
301 3074 501 3138 Θεσσαλικοῦ
519 3075 660 3155 πολέμου
681 3075 764 3160 πρός
785 3072 955 3164 Ἐρετριεῖς
975 3076 1187 3162 ἀκμάζοντος·
1215 3084 1273 3145 καὶ
1293 3082 1332 3146 τό
1353 3088 1411 3167 μέν

115 3181 211 3259 πεζόν
225 3176 328 3244 ε’δόκει
344 3182 410 3254 τοῖς
429 3178 646 3242 Χαλκιδεῦσιν
666 3177 850 3268 ἐρρῶσθαι,
870 3181 945 3257 τούς
966 3179 1001 3245 δ’
1024 3182 1141 3257 ἱππίας
1157 3184 1240 3266 μέγα
1257 3182 1359 3270 ἔργον
1372 3174 1411 3265 ἡν

62 3293 85 3350 F
115 3280 273 3347 ῶσασθαι
292 3284 354 3346 τῶν
374 3283 548 3366 πολεμίων·
572 3281 778 3368 παρεκάλουν
793 3285 832 3362 δὴ
854 3284 911 3347 τόν
924 3283 1119 3370 Κλεόμαχον
1134 3287 1240 3373 ἀνδρα
1256 3288 1413 3377 λαμπρόν

115 3383 195 3448 ῶντα
216 3385 274 3464 τὴν
290 3386 398 3476 ψυχὴν
420 3388 452 3450 οί
472 3383 652 3470 σύμμαχοι,
678 3388 806 3473 πρῶτον
825 3386 999 3471 ἐμβάλλειν
1022 3383 1068 3467 είς
1090 3390 1165 3467 τούς
1182 3393 1317 3472 ἱππέας·
1340 3393 1413 3459 ὁδί

31 3558 36 3575 ⁶
114 3484 258 3572 ἡρῶτησε
278 3488 427 3577 παρόντα
447 3488 504 3554 τόν
526 3487 701 3574 έρῶμενον,
724 3485 755 3554 εί
767 3492 875 3574 μέλλει
888 3492 1045 3577 θεάσθαι
1060 3493 1117 3558 τόν
1130 3491 1256 3579 ἀγῶνα·
1278 3495 1413 3582 φὴσαν-

115 3612 170 3668 τος
197 3591 231 3657 δέ
251 3595 309 3657 τού
336 3593 522 3670 νεανίσκου,
550 3597 607 3658 καλ
629 3592 840 3680 φιλοφρόνως
869 3594 968 3660 αύτόν
993 3593 1248 3682 ἀσπασαμένου,
1282 3603 1345 3666 καὶ
1376 3599 1415 3665 τό

114 3693 233 3783 κράνος
253 3696 443 3774 Ιἐπιθέντος,
475 3695 745 3781 ε’πιγαορωθείςό
766 3696 961 3784 Κλεόμαχος
985 3703 1042 3766 καί
1067 3700 1142 3779 τούς
1166 3699 1324 3788 ἀρίστους
1349 3705 1414 3770 τῶν

117 3799 292 3865 Θεσσαλῶν
311 3801 501 3886 συναγαγὼν
517 3805 592 3889 περὶ
610 3798 724 3877 αὑτόν,
745 3799 876 3881 έξὴλασε
891 3803 1047 3892 λαμπρῶς
1061 3808 1119 3869 καὶ
1137 3806 1321 3894 προσέπεσε
1343 3809 1414 3885 τοῖς

113 3900 296 3985 πολεμίοις,
326 3896 406 3967 ῶστε
427 3901 627 3989 συνταράξαι
647 3907 704 3969 καὶ
724 3907 920 3994 τρέψασθαι
942 3906 979 3971 τό
1002 3906 1148 3974 ἱππικόν·
1175 3909 1209 3974 έκ
1233 3909 1270 3974 δι’
1292 3909 1413 3977 τούτου

45 4022 93 4073 761
113 4008 169 4069 καὶ
193 4007 257 4069 τῶν
275 4002 414 4070 ὁπλιτῶν
434 4003 620 4091 φυγόντων,
651 4007 803 4086 ἐνίκησαν
828 4008 912 4074 κατά
935 4007 1054 4094 κράτος
1076 4013 1109 4076 οἱ
1130 4012 1328 4092 Χαλκιδεῖς·
1354 4016 1413 4081 τόν

113 4107 222 4190 μέντοι
243 4104 439 4192 Κλεόμαχον
461 4105 648 4173 ἀποθανεῖν
667 4111 832 4197 συνέτυχε·
852 4108 961 4200 τάφον
983 4111 1010 4176 δ
1032 4106 1360 4184 αύτοῶδεικνύουσιν
1380 4120 1414 4184 έν

115 4275 338 4289 —-—

114 4352 147 4410 C.
173 4361 198 4411 1.
233 4354 247 4410 ὁ
264 4354 411 4425 Ἀθηναῖος]
431 4358 587 4414 articulum
604 4359 698 4431 adjeci
717 4379 732 4414 e
750 4358 810 4416 BE.

113 4445 146 4503 C.
171 4454 197 4506 2.
233 4447 408 4516 Μελάνιππος]
428 4450 489 4506 ΒΕ.
528 4451 624 4526 Vu}g⁰
642 4451 816 4518 Μενάλιππος.

113 4538 145 4597 C.
167 4539 204 4599 ib.
230 4538 435 4613 Ἀκραγαντῖνος]
457 4542 640 4601 articulum&
658 4549 745 4603 omisi
763 4567 830 4605 cum
846 4550 908 4611 ΒΕ.

102 4633 139 4689 D.
166 4641 191 4691 6,
226 4644 254 4688 έν
268 4638 425 4704 μαλακαῖσιν
440 4638 582 4706 ἐννυχεύων]
601 4639 744 4697 Ca'ntems
763 4653 792 4699 et
806 4644 961 4705 Martinus.
996 4645 1091 4721 Vulgo
1112 4652 1309 4719 ένμιιλακοιῖσιν
1325 4652 1345 4685 ⁹
1364 4674 1407 4708 ιτι.

222 4729 354 4788 Lacuna
377 4734 497 4809 expleta
518 4735 554 4794 ab
578 4733 643 4793 'Mis
663 4735 855 4813 εὸσρλιοελε,
