3036 4994
162 171 201 235 26
629 160 960 231 IIAOY'I'APXOY

162 330 220 393 καί
239 325 357 407 πάλιν,

350 419 389 497 Ὦ
408 431 535 510 παῖδες,
557 423 578 510 ή
596 453 646 494 τοι
666 425 793 514 Κύπρις
813 424 852 493 ού
870 424 998 512 Κύπρις
1014 421 1135 509 μόνον,

351 532 437 600 Ἀλλ’
459 531 526 598 ἔστι
544 533 672 599 πολλῶν
692 530 858 616 ὀνομάτων
878 529 1049 613 ἐπώνυμος.

349 634 457 702 Ἔστιν
475 641 534 722 μέν
553 632 652 727 ᾅδης,
672 633 740 700 ἔστι
758 633 790 699 δ’
812 632 960 722 ἄφθιτος
978 632 1052 716 βία,

347 739 455 806 Ἔστιν
475 741 510 805 δὲ
529 740 632 803 λύσσα
651 735 787 820 μαινάς·

162 860 268 954 ι’όσπερ
287 863 358 930 ούδὲ
377 867 438 929 τῶν
458 854 565 929 ἀλλων
584 860 676 927 θεων
696 861 811 948 σχεδόν
832 858 1043 948 ἀλοιδόρητος
1063 857 1168 934 ούδείς
1187 857 1374 948 ίκπέφευγε
1395 859 1448 942 τήν

164 969 390 1055 εὐλοιδόρητον
409 967 575 1052 ἀμαθίαν.
612 965 733 1031 Σκόπει
750 962 784 1030 δὲ
800 965 857 1029 τόν
869 963 973 1053 ’Ἁρην
988 962 1142 1048 καθάπερ
1159 963 1193 1027 ἐν
1206 960 1325 1028 πίνακι
1341 966 1451 1055 χαλκῷ

164 1072 221 1151 τήν
240 1071 457 1155 ἀντικειμένην
477 1071 511 1135 ἐκ
531 1072 704 1157 διαμέτρου
723 1070 767 1159 τῷ
778 1067 893 1156 Ἔρωτι
912 1066 1022 1154 χώραν
1040 1064 1160 1151 ἔχοντι,
1180 1064 1325 1153 πηλίκας
1347 1065 1451 1153 είληχε

162 1175 256 1257 τιμάς
280 1173 330 1240 όπ’
352 1174 555 1263 ἀνθρώπων,
584 1177 637 1238 καί
658 1172 757 1238 πάλιν
774 1168 840 1237 όσα
859 1173 965 1247 κακῶς
984 1167 1092 1234 ἀκούει

109 1273 134 1332 Β
358 1279 489 1364 Τυφλός
506 1278 587 1364 γάρ,
609 1265 634 1340 ὦ
652 1279 813 1361 γυναῖκες,
834 1271 906 1340 οὐδ’
929 1271 1013 1361 ὁρῶν
1024 1265 1125 1361 Ἄρης

352 1381 438 1457 Συός
456 1380 619 1468 προσώπῳ
638 1378 745 1444 πάντα
761 1376 913 1465 τυρβάζει
932 1375 1027 1441 κακά.

160 1505 232 1570 Καὶ
250 1504 476 1590 μιαιφόνον
492 1501 639 1593 Ὅμηρος
662 1502 761 1570 αὐτὸν
782 1505 877 1568 καλεῖ
892 1507 946 1568 καὶ
967 1503 1319 1594 ἀλλοπρόσαλλον.
1356 1505 1400 1573 ‘0
1422 1510 1453 1574 δέ

162 1603 355 1691 Χρύσιππος
367 1606 573 1692 ἐξηγούμενος
581 1606 723 1690 τούνομα
735 1605 793 1670 τού
806 1606 890 1670 θεοῦ
901 1606 1099 1694 κατηγορίαν
1111 1611 1199 1673 ποιεί
1206 1613 1262 1676 καὶ
1273 1609 1454 1696 διαβολήν·

160 1707 332 1795 ἀναιρὲτην
350 1711 413 1797 γάρ
434 1699 517 1775 εἶναι
539 1712 596 1775 τόν
612 1709 717 1796 Ἅρην
736 1713 855 1798 φησὶν,
876 1706 977 1795 ἀρχάς
997 1711 1105 1788 διδούς
1123 1714 1190 1788 τοῖς
1209 1712 1247 1777 τό
1265 1714 1454 1797 μαχητικὸν

161 1811 196 1875 ἐν
210 1812 287 1890 ήμῑν
299 1817 355 1879 καὶ
369 1811 531 1904 διάφορον
543 1817 600 1879 καί
613 1802 892 1899 θυμοειδέςἍρην
907 1813 1090 1892 κεκλήσθαι
1102 1814 1298 1899 νομίζουσιν.
1321 1811 1452 1904 Ἕτεροι

161 1912 195 1978 δ’
217 1903 261 1979 αύ
279 1915 423 2003 φήσουσι
442 1918 500 1998 τήν
519 1915 717 2006 Ἀφροδίτην
738 1914 919 1999 ἐπιθυμίαν
943 1904 1027 1979 εἶναι
1052 1919 1108 1980 καὶ
1132 1915 1190 1980 τόν
1203 1914 1328 2005 Ἑρμήν
1348 1919 1454 2003 λόγον

158 2021 216 2083 καὶ
237 2021 350 2104 τέχνας
372 2021 430 2098 τάς
453 2019 593 2098 Μούσας
618 2024 674 2086 καὶ
698 2018 860 2108 φρόνησιν
883 2018 941 2099 τήν
959 2017 1116 2099 Ἀθηνᾶν.
1135 2016 1235 2110 Ὁρᾷς
1256 2018 1365 2100 δήπου
1392 2023 1453 2088 τόν

108 2127 132 2183 C
157 2119 437 2207 ύπολαμβάνοντα
456 2126 568 2208 βυθόν
589 2123 677 2209 ήμάς
693 2122 891 2204 ἀθεότητος,
917 2118 960 2187 ἀν
977 2117 1023 2200 είς
1040 2120 1138 2203 πάθη
1153 2125 1208 2188 καὶ
1220 2121 1376 2208 δυνάμεις
1388 2129 1451 2192 καὶ

163 2221 279 2313 ἀρετάς
299 2227 530 2316 διαγράφωμεν
549 2229 686 2294 ἕκαστον
705 2230 768 2293 τῶν
786 2228 894 2308 θεῶνς

238 2327 294 2394 ιδ’.
331 2329 430 2417 Ὀροί,
454 2320 541 2396 εἶπεν
560 2329 578 2396 ό
598 2330 803 2416 Πεμπτίδης,
829 2326 897 2394 ἀλλ’
920 2326 992 2394 ούτε
1011 2325 1108 2409 πάθη
1128 2326 1203 2407 τούς
1219 2326 1318 2407 θεούς
1335 2333 1444 2396 ποιεῖν

162 2423 271 2508 ὅσιον,
291 2428 364 2496 ούτε
382 2421 426 2496 ού
443 2431 541 2497 πάλιν
561 2434 601 2498 τά
619 2434 717 2514 πάθη
733 2433 834 2510 θεούς
851 2433 999 2516 νομίζειν.
1037 2432 1106 2497 Καὶ
1126 2430 1145 2498 ό
1165 2432 1289 2517 πατήρ,
1313 2432 1355 2498 Τί
1369 2421 1448 2513 ούν,

160 2528 241 2618 ἔφη,
263 2533 320 2597 τόν
332 2533 436 2622 ’Ἁρην
453 2536 538 2601 θεὸν
554 2525 637 2600 εἶναι
650 2535 801 2620 νομίζεις,
821 2532 844 2615 ή
856 2533 969 2612 πάθος
986 2533 1154 2624 ήμίτερονς
1172 2532 1450 2623 Ἀποκριναμίνου

158 2634 197 2698 δὲ
216 2635 273 2698 τού
295 2636 501 2719 Πεμπτίδου,
528 2637 614 2701 θεὸν
630 2636 789 2722 ἡγεῖσθαι
810 2638 868 2703 τὸν
883 2636 987 2725 ’Ἁρην
1009 2641 1193 2724 κοσμοῦντα
1214 2637 1254 2704 τό
1271 2639 1452 2724 θυμοειδὲς

159 2734 325 2820 ἡμῶνκαὶ
347 2736 525 2824 ἀνδρῶδες·
544 2739 738 2826 ἀνακραγὼν
762 2738 780 2805 ὁ
800 2741 923 2828 πατήρ,
940 2729 1042 2821 Εἶτα,
1065 2741 1144 2831 ἔφη,
1163 2741 1202 2807 τό
1219 2746 1282 2828 μὲν
1300 2742 1449 2822 παθητι-

159 2840 235 2921 κὸν,
256 2831 480 2926 ὦΠεμπτίδη,
500 2847 556 2908 καὶ
576 2844 751 2926 πολεμικὸν
768 2849 825 2910 καὶ
846 2843 1024 2911 ἀντίπαλον
1042 2846 1127 2910 θεὸν
1144 2842 1223 2932 ἔχει,
1242 2844 1283 2911 τό
1300 2845 1339 2911 δὲ
1353 2846 1450 2934 φιλη·

158 2945 248 3012 τικόν
269 2949 324 3012 καὶ
342 2947 531 3012 κοινωνικὸν
549 2951 605 3012 καὶ
622 2948 861 3014 συνελευστικὸν
880 2946 987 3014 ἀθεόν
1007 2947 1090 3029 ἐστις
1110 2951 1167 3012 καὶ
1184 2944 1374 3027 κτείνοντας
1388 2953 1450 3034 μίν

108 3055 135 3112 D
162 3046 229 3137 ἀρα
248 3053 302 3114 καὶ
317 3052 536 3134 κτεινομένους
553 3049 749 3140 ἀνθρώπους
768 3048 854 3118 ὅπλα
872 3077 906 3118 τε
922 3057 979 3120 καί
994 3053 1071 3138 βέλη
1089 3053 1144 3116 καλ
1163 3050 1376 3138 τειχομαχίας
1391 3052 1443 3117 καί

158 3152 334 3232 λεηλασίας
353 3153 420 3219 ε’στί
436 3179 484 3231 τις
499 3156 626 3242 ἐφορῶν
647 3159 703 3220 καὶ
721 3153 889 3244 βραβεύων
909 3156 992 3234 θεός
1007 3153 1173 3231 Ἐνυάλιος
1192 3159 1249 3220 κοιλ
1267 3154 1441 3244 ΣτράτιοςΙ

158 3253 292 3332 πάθους
314 3257 351 3320 δὲ
372 3255 478 3341 γάμου
496 3262 552 3323 καὶ
569 3256 741 3340 φιλότητος
759 3255 805 3337 είς
823 3258 1055 3350 ὁμοφροσύνην
1075 3263 1133 3325 καὶ
1148 3257 1323 3324 κοινωνίαν
1343 3260 1442 3324 τελεο-Ι

159 3355 263 3438 τώσης
288 3357 392 3436 ούδεὶς
417 3361 506 3424 θεῶν
526 3358 650 3449 μάρτυς
679 3359 750 3426 οὐδ’
779 3361 969 3442 ἐπίσκοπος,
1001 3361 1075 3428 ούδλ
1099 3361 1225 3448 ήγεμῶν
1245 3356 1270 3442 ή
1290 3359 1440 3448 συνεργός

158 3457 236 3545 ήμῖν
250 3463 394 3547 γε’γονενς
417 3460 519 3528 Ἀλλά
536 3461 700 3551 δορκάδας
717 3469 777 3549 μὲν
793 3463 972 3552 θηρεύουσι
991 3469 1048 3530 καὶ
1066 3465 1211 3549 λαγωούς
1228 3467 1284 3529 καὶ
1303 3463 1445 3553 ἐλάφους

156 3563 332 3652 ἀγρότερός
344 3591 392 3644 τις
404 3566 662 3633 συνεπιθωΰσσει
675 3573 731 3635 καὶ
745 3567 924 3658 συνεξορμᾷ
937 3569 1033 3648 θεὸς,
1056 3568 1204 3656 εὔχονται
1217 3565 1250 3634 δ’
1264 3565 1444 3659 Ἀρισταίιρ

155 3672 324 3749 δολοῦντες
343 3669 505 3760 ὀρύγμασι
523 3674 581 3736 καί
599 3671 732 3758 βρόχοις
751 3670 866 3750 λύκους
884 3676 941 3738 καὶ
962 3671 1113 3759 ἀρκτους,

343 3769 403 3850 Ὃς
420 3774 547 3861 πρῶτος
564 3773 729 3862 θήρεσσιν
749 3773 843 3856 ἔπηξε
861 3772 1048 3864 ποδάγρας·
1077 3828 1080 3834 .

156 3900 175 3967 ’ὁ
194 3904 231 3968 δὲ
245 3902 410 3991 Ἠρακλής
428 3903 537 3989 ἕτερον
554 3905 641 3970 θεὸν
659 3905 848 3994 παρακαλεῖ
861 3906 986 3990 με’λλων
1009 3905 1060 3971 ἐπὶ
1086 3905 1143 3971 τόν
1169 3904 1261 3992 όρνιν
1283 3904 1447 3992 αἴρεσθαι

155 4005 193 4072 τὸ
212 4004 322 4087 τόξον,
342 4005 384 4085 ὡς
401 4002 568 4094 Αἰσχύλος
588 4007 707 4097 φησίν,

107 4142 132 4200 Ε
346 4131 478 4220 Ἀγρεύς
497 4132 530 4200 δ’
558 4134 726 4203 Ἀπόλλων
745 4134 856 4223 ὀρθὸν
875 4132 989 4202 ἰθύνοι
1007 4136 1115 4221 βέλος·

157 4373 197 4429 A.
218 4374 246 4427 5.
280 4367 417 4437 ιίπιιίδες]
436 4369 500 4430 ΒΕ.
535 4371 631 4446 Vulgo
649 4367 756 4426 αύιίδτ.
791 4366 894 4439 ιίτῷδε
914 4370 984 4430 Ald.
1003 4368 1075 4431 Bas.

158 4463 197 4524 Α.
214 4461 255 4526 ib.
281 4462 355 4534 ήτω
370 4466 480 4540 Κύπρις]
499 4466 594 4540 adjeci
610 4461 779 4522 eStohueo.
805 4462 841 4517 In
858 4461 893 4519 Β.
912 4466 991 4521 enim
1005 4463 1144 4520 undecim
1154 4465 1306 4522 literarum
1317 4482 1448 4524 vacuum

292 4558 437 4631 spatium,
454 4559 486 4614 in
504 4558 540 4617 E.
558 4575 675 4617 novem.
709 4555 768 4612 Sed
784 4555 910 4613 fortasse
927 4554 1116 4616 scribendum
1130 4557 1148 4629 ή
1160 4583 1202 4616 τοι
1216 4557 1324 4634 Κύπρις.

72 4698 135 4721 Π.-
158 4649 197 4709 A.
223 4655 266 4714 1⁰.
284 4645 467 4724 ἀλοιδόρητον]
487 4651 568 4714 Mez.
584 4651 683 4710 Reisk.
718 4648 819 4725 Vulgo
840 4647 1014 4726 ἀλοιδόρητα.
