3036 4994
1353 191 1411 254 117

110 343 188 400 Hinc
211 340 469 416 ἈφροδίτηΠρᾶξις
489 336 642 396 colebatur
664 339 811 418 Megaris,
840 361 868 401 r.
890 343 1013 400 Pausan.
1042 344 1071 410 1,
1097 351 1141 405 «ts.
1177 345 1280 421 Eurip.
1304 348 1407 408 Helen.

111 455 158 495 rs.
176 441 220 495 20.

446 550 476 616 ὅς
492 550 576 608 δόλιον
592 551 682 624 ebrie
698 551 850 628 iilupui'
868 549 910 610 ὑπ’
929 556 1015 609 uirenti

448 650 546 720 δίωγμα
562 647 676 720 φεύγων,
695 654 717 703 εί
733 637 817 719 σαφὴς
834 647 910 709 obrue
925 645 1011 719 λύγος.

115 793 196 850 Nihil
213 790 383 848 mutandum
405 801 450 846 est
473 792 505 846 in
522 790 600 850 Plut.
623 808 723 865 praec.
743 791 861 864 conjug.
885 808 916 863 p.
935 793 987 845 1112
1004 787 1039 846 B.
1069 796 1214 861 φοβουμένη
1229 791 1332 862 γελάσαι
1349 793 1413 868 πρὸς

111 887 158 942 νύν
175 884 318 958 ιῖνδραναλ
338 885 463 958 πρᾶξαί
476 908 526 953 τι,
543 888 586 938 λ’να
603 882 640 954 μὴ
660 891 774 955 θρασεῖα
791 883 857 956 φανῇ
875 888 917 938 καὶ
933 880 1086 950 ἀκόλαστος,
1105 882 1156 939 ubi
1168 882 1322 957 Wytteult.
1340 905 1413 944 eon-

113 979 184 1053 jeeit
205 982 295 1039 παῖξαί
309 1000 343 1032 τι.
379 976 458 1033 Vide
479 975 619 1033 Welclzer
637 975 770 1048 Theogn.
797 995 826 1049 p.
846 982 906 1034 13⁵.
941 976 1066 1033 Iutt.ad
1085 978 1343 1051 Theocrit.1dyll.
1363 979 1411 1046 ll,

115 1075 174 1129 143.
208 1070 361 1127 Dissimile
379 1088 444 1125 esse
462 1070 579 1126 ridetur
597 1067 675 1144 qnod
693 1069 800 1143 legitur
818 1070 848 1124 in
866 1069 938 1127 Eur.
956 1069 1015 1126 Jon
1045 1089 1088 1128 vs.
1107 1078 1166 1129 894.
1186 1076 1229 1129 95.

483 1185 547 1250 θεὸς
565 1183 698 1257 ὁμευνέτας
714 1185 771 1257 ἆγες
788 1183 904 1256 decertate

483 1278 598 1352 Κύπριδι
612 1276 711 1352 χάριν
733 1276 893 1353 πράσσων.

113 1424 193 1501 quod
209 1416 271 1479 nori
287 1434 370 1479 reete
381 1423 503 1483 Passov.
523 1440 548 1480 s.
561 1440 590 1477 v.
606 1418 683 1494 χάρις
701 1420 839 1494 explicat.
876 1418 990 1475 Sensus
1008 1420 1086 1474 enim
1103 1429 1164 1474 ests
1183 1418 1217 1475 V
1214 1422 1311 1490 eneri,
1330 1424 1415 1497 capi.

113 1515 209 1573 diroti
225 1531 346 1589 gratum
355 1514 494 1584 jaciens,
514 1513 583 1575 coll.
601 1512 642 1572 ib.
662 1532 708 1571 vs.
728 1520 771 1574 36.
791 1521 833 1572 st.

650 1632 733 1698 Λοξίᾳ
751 1626 780 1682 d'
798 1630 844 1700 lyei
859 1629 958 1702 χάριν

380 1724 533 1798 πράσσων
549 1719 648 1794 diripui
666 1722 770 1778 πλεκτὰν
786 1721 875 1796 lippus
892 1721 967 1785 κύτος

379 1815 477 1888 ἤνεγκα.

178 1989 209 2045 ρ.
228 1976 278 2035 1⁰,
298 1973 340 2027 ta.
375 1971 507 2041 γενομένη]
541 1966 708 2022 Lenissima
726 1965 840 2022 medela
855 1964 1005 2022 laboranti
1022 1969 1185 2023 sententiae
1202 1979 1232 2023 et
1249 1978 1416 2025 structurae

115 2080 291 2118 succurrere
312 2059 421 2118 studui.
463 2058 564 2132 Vulgo
589 2068 669 2113 totus
694 2057 779 2114 locus
797 2060 841 2113 sic
857 2056 1028 2132 legebatur:
1055 2058 1070 2128 ἡ
1096 2064 1124 2114 δὲ
1150 2057 1201 2115 ἀπὸ
1228 2063 1279 2116 τῶν
1305 2058 1416 2136 ιἰρρένινν

109 2153 240 2221 sinimur,
256 2154 322 2225 μετὰ
338 2161 395 2224 βίας
411 2157 569 2223 λεγομένη
587 2156 630 2204 καὶ
646 2155 794 2219 λεηλασίας·
813 2148 844 2204 ἂν
859 2154 886 2205 dl
907 2156 1037 2218 inordina,
1056 2149 1101 2206 obv
1117 2160 1219 2223 μανίη
1236 2159 1278 2207 καὶ
1291 2150 1420 2223 θηλύτητι

111 2253 301 2317 βαίνεσθαι-
316 2246 386 2318 παρὰ
397 2241 480 2316 φύσιν
496 2241 656 2310 ἐνδιδόντων,
675 2241 796 2317 ἄχαρις
811 2241 958 2299 παντάπασι
974 2251 1018 2299 καὶ
1035 2241 1156 2318 ἄσχημον
1173 2252 1217 2302 καί
1234 2244 1416 2320 ἀναφρόδιτος.

113 2337 364 2412 wyttenbachius
383 2339 513 2412 conjecit
528 2331 544 2407 ί,
565 2340 592 2392 δὲ
610 2333 660 2393 dub
677 2338 727 2392 τῶν
742 2333 853 2411 ἇῤῥένων
871 2335 983 2395 barinae
998 2346 1056 2411 plu
1073 2344 1128 2393 aui
1143 2340 1206 2411 μετὰ
1224 2346 1281 2409 βίας
1296 2344 1417 2412 λεγομένη

113 2437 287 2500 λεηλασία·
322 2430 572 2486 babtizaretur
595 2461 626 2472 -
652 2441 684 2486 ut
711 2432 768 2486 sit:
795 2433 997 2488 musculorum
1013 2448 1112 2488 nutem
1134 2433 1323 2499 concubitus,
1352 2433 1418 2489 siue

114 2524 148 2579 υἱ
175 2537 204 2578 et
229 2540 298 2579 eum
325 2522 435 2580 invitis
457 2520 583 2592 fuctus,
615 2523 666 2580 ilie
691 2522 745 2597 qui
771 2523 885 2579 dicitur
904 2525 1072 2598 praedonis
1100 2540 1226 2600 ruptus:
1261 2526 1327 2582 sive
1349 2546 1418 2583 eum

114 2614 291 2675 volentibus.
313 2645 345 2660 -
370 2613 452 2685 Quae
476 2616 647 2687 conjectura
670 2614 750 2670 nullo
775 2614 863 2671 modo
887 2616 1018 2671 animum
1040 2616 1158 2691 explere
1181 2628 1289 2692 potest.
1323 2617 1415 2686 Nam,

114 2718 148 2764 ut
173 2717 288 2763 taceam
312 2708 483 2763 mutationis
506 2707 696 2773 uiolentiam,
725 2708 821 2782 primo
848 2707 1006 2764 dicendum
1028 2719 1092 2764 erat
1112 2714 1231 2781 λεγομένη
1255 2715 1326 2776 ἐστὶ,
1354 2721 1417 2766 tum

114 2800 301 2858 desideratur
320 2798 459 2866 verbum,
477 2800 554 2856 unde
576 2799 703 2874 pendeat
719 2796 770 2855 iub
787 2801 837 2856 τῶν
854 2799 981 2874 ἀρρένων,
1011 2802 1154 2877 deniqne,
1177 2801 1208 2856 id
1226 2801 1305 2876 qnod
1323 2804 1418 2874 potis-

116 2896 223 2951 simum
245 2903 290 2949 est
312 2905 341 2949 et
365 2894 592 2969 gravissimum,
622 2902 721 2966 patet,
747 2891 837 2966 ἄχαρις
855 2893 892 2950 ad
916 2905 1071 2969 utrumqne
1092 2895 1237 2948 orationis
1254 2891 1418 2949 membrum

114 2989 264 3063 pertinere
290 2997 319 3043 et
346 2988 522 3042 sententiam
547 2986 661 3060 requiri
678 2987 773 3041 banc:
802 2986 857 3041 illo
877 3005 948 3042 vero
968 2986 1064 3056 χάρις
1082 3003 1195 3060 quaen
1213 2982 1418 3056 ναανίίιιαιρὶε,

114 3080 181 3137 sine
200 3079 232 3136 ni
256 3094 379 3136 extorta
401 3078 465 3134 siue
487 3092 591 3152 sponte
616 3097 636 3134 α
657 3078 821 3135 volentibus
848 3077 965 3146 oblatu,
989 3076 1113 3148 ’ἄχαρις
1136 3093 1190 3134 est.
1242 3077 1341 3149 Quare
1361 3097 1417 3153 pro

116 3180 235 3246 λεγομένη
257 3173 524 3251 εοιτρείγενομένη,
555 3172 586 3225 in
610 3170 688 3246 quod
713 3172 801 3227 etiam
822 3169 975 3227 Reislsium
997 3170 1139 3227 incidisse
1165 3172 1312 3246 (conjecit
1338 3174 1418 3229 enirn

116 3265 230 3322 εἰκόντων
250 3273 295 3336 μὲν
311 3264 375 3336 μετὰ
393 3271 451 3334 ,νίας
467 3265 617 3336 γενομένη),
643 3282 724 3320 nunc
742 3265 860 3320 demum
877 3265 1017 3340 cognovi.
1054 3263 1121 3335 Quo
1137 3265 1355 3339 receptonulla
1373 3276 1419 3323 est

117 3377 224 3423 causa,
252 3375 305 3413 cur
323 3362 439 3418 ἑκουσίας
459 3356 647 3423 damnemus,
675 3376 742 3414 cum
764 3358 850 3432 facile
874 3369 971 3414 ruente
990 3357 1098 3424 exiis,
1126 3376 1200 3433 quae
1221 3359 1418 3433 praecedunt,

118 3451 187 3508 addi
204 3450 301 3525 possit
317 3457 419 3519 γίνηται
438 3448 489 3505 ἀπὸ
511 3452 560 3505 τῶν
582 3447 698 3525 ύρρένων.
733 3450 810 3506 Tum
831 3450 910 3526 quod
925 3447 1001 3524 χάρις
1016 3461 1083 3506 aute
1103 3448 1211 3524 ἄχαρις,
1239 3471 1304 3509 meo
1322 3453 1417 3510 Marte

121 3547 266 3603 invitante
295 3544 360 3617 ipsa
388 3543 602 3600 emendationis
619 3544 760 3600 facilitate
781 3545 910 3613 inserui,
935 3546 992 3600 etsi
1010 3545 1101 3602 credo
1119 3546 1202 3612 fore,
1229 3546 1279 3621 qui
1296 3546 1421 3603 calidius

121 3649 220 3696 actum
237 3654 303 3693 esse
322 3636 487 3702 clamitent,
505 3646 603 3693 tamen
621 3637 692 3692 duxi
709 3654 832 3692 necesse
849 3654 915 3692 esse
934 3635 1014 3705 addi,
1041 3648 1074 3693 ut
1091 3638 1237 3694 orationis
1255 3641 1421 3713 perspicui-

120 3734 176 3788 tati
198 3741 227 3786 et
244 3729 405 3807 elegantiae
427 3729 616 3797 consulatur,
645 3746 712 3784 cunr
728 3731 870 3786 remotius
893 3730 933 3786 sit
946 3727 1042 3803 γάρος,
1069 3749 1158 3807 quam
1179 3740 1217 3786 ut'
1235 3731 1420 3805 interpositis
1447 3719 1456 3737 '

121 3824 215 3880 ternis
235 3833 390 3896 poetarum
413 3820 592 3877 testimoniis
614 3822 700 3877 facile
724 3820 848 3897 legentis
865 3832 1002 3880 recurrat
1018 3824 1187 3879 memoriae.
1223 3820 1330 3880 Voluit
1346 3839 1418 3877 vero

121 3927 152 3973 et
168 3915 271 3972 debuit
286 3915 462 3977 Plutarchus
483 3915 602 3971 dicere:
633 3916 723 3994 Quod
740 3916 849 3973 mulier
867 3917 936 3975 viro
949 3931 1087 3992 praestat
1105 3915 1298 3991 obsequium,
1326 3912 1421 3987 χάρις

122 4029 143 4063 α
159 4026 230 4064 οε...
241 4005 308 4064 auus
326 4021 462 4064 uocatum
479 4022 543 4075 est‚·
569 4014 650 4084 quod
671 4029 738 4065 vere
758 4028 826 4066 mae
843 4008 928 4066 muri
939 4023 1080 4085 praestat
1101 4008 1294 4083 obsequium,
1322 4026 1358 4063 eu
1378 4022 1422 4065 est

123 4099 216 4176 χάρις
240 4098 363 4174 ἄχαρις.

193 4252 350 4320 p.10,ld.
387 4252 536 4319 λεηλασίας]
572 4250 648 4306 Plut.
675 4251 710 4307 de
734 4251 884 4328 tranquill.
911 4273 940 4328 p.
959 4256 1010 4312 475
1033 4251 1073 4311 D.
1108 4255 1151 4305 aul
1178 4253 1261 4304 τοίνυν
1286 4245 1330 4318 τῆς
1352 4245 1427 4316 τύχης

127 4336 211 4393 πάντα
229 4337 309 4395 τᾶλλα
328 4343 548 4412 λεηλατούσης
565 4349 608 4398 ναὶ
628 4354 845 4420 περιαιρουμείἠς,
868 4365 969 4423 praec.
991 4347 1078 4404 sunit.
1100 4341 1200 4403 tuenti.
1219 4360 1250 4417 p.
1270 4342 1318 4400 1³3
1336 4342 1373 4399 A.
1393 4338 1424 4395 σύ

129 4437 255 4504 προΐενται
269 4433 301 4506 τῇ
316 4441 406 4509 γαστρὶ
421 4434 697 4507 λεηλατούμενον.
