3036 4994
1344 203 1405 305 tn

119 362 204 424 docte
225 364 383 423 illustrarit
400 363 558 439 Wyttenh.
577 363 614 422 ad
637 365 658 424 l.
683 384 710 423 c·
731 385 762 441 p.
781 370 831 426 sot
846 352 913 442 sqq.
941 367 988 422 cui
1007 380 1162 440 perperam
1178 364 1333 424 oblocutus
1356 379 1402 423 est

118 461 185 518 Ast.
203 479 233 534 p.
249 452 310 519 sot.
328 460 365 520 Τ.
383 459 437 518 ΧΙ.
474 457 590 530 Quibus
610 459 753 515 illustrari
771 469 888 534 oportet
905 457 1034 535 glossam
1051 460 1165 516 Timaei
1181 480 1211 535 p.
1228 467 1288 522 217.
1323 469 1403 517 Πετ-

118 558 209 621 τεία,
237 549 311 623 idad
327 550 419 624 ψήφοιν
435 544 533 607 παιδιά.
565 558 630 607 ἔστιν
650 555 678 607 δὲ
702 550 743 608 ὅτε
761 558 803 608 καὶ
821 575 878 623 year
886 538 1027 623 μετρίαν
1048 558 1121 624 λέγει.
1154 554 1273 627 Spectat
1289 553 1402 612 huc'ad
1447 622 1451 629 Ι

118 644 194 704 Plat.
220 645 344 705 Phaedr.
375 665 405 720 p.
424 653 475 705 274
492 644 525 702 C.
555 646 648 701 τοῦτον
668 649 695 700 δὲ
714 646 813 719 πρῶτον
834 649 894 712 (sc.
915 646 1006 712 θεῦθ)
1029 644 1143 717 ἀριθμόν
1164 669 1191 701 τε
1219 653 1261 702 καλ
1285 646 1404 720 λογισμὸν

119 735 198 811 εῧρεῖν
219 745 263 794 atel
278 745 427 811 ρεωμετρίαν
447 743 490 793 ναί
513 737 702 810 ιλστρονομίαν,
733 746 770 794 let
791 744 818 794 dl
840 744 997 801 πεττείας
1017 763 1045 794 τε
1066 745 1109 794 καλ
1131 746 1282 808 κυβείας,
1309 748 1352 796 καὶ
1373 739 1403 812 δὴ

119 836 162 885 καὶ
182 830 329 904 γράμματα.
365 832 421 888 Hic
448 842 563 888 veteres
587 831 731 907 quosdam
749 834 925 905 interpretes
949 850 1010 887 non
1033 820 1114 888 illum
1137 831 1286 906 vulgarem
1305 833 1403 889 colcu-

118 922 216 980 lorum
230 925 336 985 ,ίαιίιιατ
357 921 535 998 significari,
560 924 612 980 sed
629 927 865 981 mathematicam
886 926 1118 1000 Aegyptiorum,
1136 942 1210 999 quae
1227 923 1323 982 tabula
1342 922 1410 982 erat

118 1015 280 1072 duodecim
302 1017 391 1072 lineis
414 1015 601 1090 conscripta,
628 1034 748 1072 cursum
766 1015 844 1073 Solis
865 1028 894 1072 et
915 1017 1021 1073 Lunae
1038 1036 1092 1091 per
1110 1017 1265 1073 duodecim
1282 1017 1405 1077 Zodiaci

74 1148 76 1152 ,
118 1110 202 1183 signa
214 1109 384 1175 ostendens,
403 1107 583 1164 intellexisse
601 1119 724 1165 testatus
737 1119 782 1164 est
794 1110 926 1167 Eustath.
937 1110 975 1166 ad
986 1110 1072 1167 Hom.
1084 1110 1142 1167 Od.
1161 1131 1189 1184 p.
1205 1118 1280 1170 1397.
1299 1111 1407 1166 Imme-

116 1202 176 1256 rito
194 1201 384 1274 exploserunt
405 1202 482 1256 hanc
504 1202 674 1274 opinionem
694 1200 811 1261 Ruhnh.
830 1202 850 1261 l.
872 1220 896 1261 c.
918 1214 947 1258 et
969 1204 1101 1262 Pierson.
1121 1203 1157 1259 ad
1176 1202 1271 1261 Moer.
1294 1223 1326 1278 p.
1342 1207 1404 1262 307.

115 1296 248 1351 Primum
267 1297 345 1351 enim
357 1295 465 1350 diserte
480 1307 584 1351 narrat
600 1296 671 1355 Plat.
685 1297 719 1353 de
732 1298 806 1372 legg.
819 1297 888 1355 Vll.
906 1317 932 1370 p.
945 1305 994 1355 819
1009 1297 1039 1355 Β.
1065 1298 1280 1371 Aegyptiorum
1296 1315 1406 1371 pueros

117 1387 237 1455 literas,
265 1389 500 1455 arithmeticam,
529 1392 721 1462 geometriam
744 1401 773 1446 et
796 1392 1008 1446 astronomiam
1025 1390 1164 1446 didicisse
1190 1408 1257 1444 cum
1283 1391 1351 1464 joco
1378 1400 1408 1446 et
1505 1440 1506 1444 ,

118 1481 287 1554 voluptate,
310 1479 410 1554 πρῶτον
426 1490 472 1554 μὲν
487 1482 536 1555 χίιρ
562 1489 635 1555 περὶ
658 1481 837 1555 λογισμοὺς
859 1480 964 1552 ἀτεχνῶς
985 1490 1070 1539 παισὶν
1089 1488 1240 1555 ἐξευρημένα
1261 1479 1409 1554 μαθήματα

118 1570 202 1643 μετὰ
224 1575 362 1635 παιδιᾶς·
379 1597 406 1629 τε
422 1580 464 1628 καλ
480 1571 597 1644 ἡδονῆς
612 1573 751 1645 μανθάνειν
768 1586 824 1635 etc.
847 1575 886 1635 ib.
906 1596 935 1650 p.
953 1583 1004 1636 82⁰
1022 1577 1056 1634 C.
1090 1574 1266 1648 προβάλλοντα
1282 1597 1308 1630 τε
1328 1569 1407 1641 ἄλλη-

118 1673 172 1728 λοις
189 1663 240 1732 dxl,
259 1668 388 1737 διατριβὴν
406 1667 462 1735 τῆς
477 1675 630 1730 πεττείας
645 1668 711 1723 πολὺ
725 1676 889 1742 χαριεστέραν
905 1665 1050 1743 πρεσβυτῶν
1066 1672 1245 1743 διατρίβοντα,
1264 1672 1406 1739 φιλονεικεῖν

118 1765 144 1814 la
163 1766 216 1820 ταῖς
234 1756 328 1812 τούτων
347 1753 439 1818 ἆξίαιοι
457 1763 565 1826 σχολαῖς.
598 1765 700 1815 ΚΛΕΙ.
730 1759 810 1824 Ἴσως·
842 1767 904 1816 lotae
925 1762 987 1830 χοῦν
1011 1760 1029 1828 ἥ
1053 1783 1079 1815 τε
1103 1764 1237 1816 πεττεία
1258 1767 1300 1814 καὶ
1322 1761 1405 1814 ταῦτα

117 1848 227 1916 ἀλλήλοιν
246 1850 279 1905 τὰ
298 1843 443 1924 μαθήματα
465 1849 497 1905 οὖ
520 1850 641 1922 πάμπολυ
663 1861 826 1925 κεχωρίσθαι.
859 1852 978 1926 Duplici
1001 1852 1087 1908 modo
1106 1851 1147 1908 ibi
1166 1853 1268 1908 Aetius
1291 1871 1306 1907 a
1331 1870 1403 1908 vero

118 1943 285 2009 aberravit,
316 1953 345 1999 et
367 1943 446 2018 quod
470 1944 541 1999 illud
560 1947 705 2016 πρεσβυτῶν
727 1965 787 2001 non
807 1956 888 2000 recte
909 1945 1072 2017 expedivit,
1101 1944 1178 2018 quod
1197 1944 1404 2017 explicandum

117 2047 162 2091 est
180 2038 226 2105 τῆς
241 2036 289 2090 τῶν
304 2037 447 2108 πρεσβυτῶν
463 2044 591 2103 πεττείας,
611 2048 639 2092 et
658 2037 735 2111 quod
754 2035 786 2091 οὐ
803 2047 869 2092 ante
893 2036 1011 2108 πάμπολυ
1031 2036 1154 2100 delevit,
1173 2037 1208 2090 ad
1228 2038 1404 2090 sententiam

117 2147 260 2203 perquam
287 2129 496 2186 necessarium.
533 2129 609 2182 'sum
637 2145 709 2183 sero
734 2128 818 2183 Plato
843 2146 904 2182 non
935 2145 993 2181 uno
1017 2128 1084 2182 loco
1109 2135 1223 2182 πεττείαν
1251 2128 1405 2198 conjunxit

117 2239 185 2276 cum
207 2221 389 2283 arithmetica
409 2230 438 2275 et
456 2221 633 2294 geometria,
661 2238 689 2278 v.
714 2237 739 2278 c.
776 2217 868 2292 Gorg.
892 2236 921 2291 p.
940 2225 991 2277 450
1007 2218 1043 2276 D.
1072 2219 1127 2274 οἷον
1145 2212 1339 2288 ηᾶριθμητιτὴ
1361 2226 1403 2273 καὶ
1482 2258 1488 2269 .

117 2309 242 2384 tortarius}
261 2318 304 2369 καὶ
318 2314 466 2387 ρεωμετρικίι
485 2320 527 2368 καλ
546 2309 749 2381 πεττευτικη
767 2335 795 2383 γε
812 2316 854 2367 καὶ
871 2311 945 2366 ἄλλαι
961 2312 1053 2367 πολλαὶ
1068 2318 1159 2380 τέχναι.
1178 2302 1326 2385 ¹Denique
1344 2329 1404 2366 nou

118 2418 165 2462 est
186 2407 303 2463 silentio
327 2405 602 2480 praetermittendus
626 2398 710 2461 locus
737 2406 811 2464 Plat.
835 2405 869 2462 de
888 2405 957 2461 lsid.
974 2415 1003 2460 et
1021 2404 1103 2463 Osir.
1126 2422 1157 2478 p.
1174 2406 1224 2461 ³55
1242 2403 1279 2461 D.
1309 2405 1404 2477 Ipsina

119 2505 147 2555 tt
171 2497 217 2555 τὸν
231 2491 330 2572 ‘Eppia
353 2499 398 2570 τῆς
419 2490 486 2554 θεοῦ
504 2504 648 2566 συνελθεῖν,
679 2505 734 2554 εἶτα
755 2501 923 2561 παίξαντα
948 2482 1065 2555 ritem
1087 2495 1150 2572 πρὸς
1170 2495 1215 2566 την
1236 2495 1337 2567 σελήνην
1362 2503 1405 2553 καλ

119 2587 245 2664 ἀφελόντα
259 2593 310 2647 τῶν
329 2591 418 2664 ρῶτον
438 2590 543 2649 ἕκαστον
558 2591 589 2648 τὸ
609 2591 793 2664 ἑβδομηκοστόν
810 2601 866 2649 etc.
986 2594 989 2599 ’

121 2720 124 2725 Δ
185 2762 281 2831 p.50,
304 2763 346 2819 19.
382 2761 564 2833 προτείνουσιν]
598 2757 674 2814 Plut.
691 2756 812 2829 Quaest.
831 2756 931 2829 Symp.
948 2753 1003 2818 ΙΧ.
1022 2763 1054 2821 2,
1073 2761 1096 2835 λ.
1112 2774 1141 2829 p.
1158 2757 1207 2813 lli
1226 2755 1262 2813 C.
1278 2760 1323 2811 καλ
1340 2756 1399 2819 τοὺς

118 2849 285 2918 συλλαχόντας
301 2838 416 2922 ἇλλῆλοις
432 2859 620 2926 προτείνειν
637 2848 957 2941 φιλὸλοχαιζητηματα.
993 2848 1028 2902 (le
1051 2858 1124 2903 rect.
1149 2848 1215 2905 aud.
1235 2857 1291 2902 rat.
1319 2865 1348 2919 p.
1366 2853 1400 2904 43

118 2945 159 3002 D.
175 2936 255 3019 'ibim
274 2941 431 3016 Wyttenb.
454 2943 529 2998 Plat.
550 2941 585 2997 de
604 2941 681 3015 legg.
701 2941 738 2998 X.
755 2942 785 3013 p.
806 2945 855 2996 895
875 2940 910 2999 E.
931 2939 967 2994 dc
987 2959 1050 3014 rep.
1071 2939 1111 2997 ll.
1129 2961 1159 3013 p.
1179 2945 1229 2998 3⁸2
1246 2941 1285 2994 A.
1313 2937 1398 2994 Cotti.

119 3036 224 3099 ulons.
247 3034 381 3095 Glossar.
400 3034 437 3090 ad
460 3033 599 3107 Aeschyl.
618 3034 766 3091 l'rometh.
786 3050 830 3088 νε.
849 3041 908 3092 802.

186 3202 216 3257 p.
235 3188 283 3251 50,
301 3192 345 3243 λθ.
379 3186 487 3255 ίοοπρα]
522 3182 607 3238 Hanc
631 3183 756 3241 formam
773 3182 898 3257 praetuli
922 3179 990 3239 eB.
1010 3183 1044 3240 E.
1063 3182 1130 3241 Ald.
1148 3189 1263 3252 ίσονιτρα.
1298 3180 1399 3258 Vulgo

119 3279 248 3344 είοοτττρα.
283 3274 513 3346 {temporatim
535 3272 605 3330 alibi
630 3274 806 3330 Plutarchus
829 3293 944 3347 semper
967 3277 1103 3348 scripsit,
1133 3295 1161 3335 τ.
1180 3294 1207 3332 ο.
1232 3276 1267 3333 de
1287 3277 1397 3335 fortun.

120 3367 244 3424 Romen.
265 3385 294 3440 p.
312 3372 360 3423 stt
377 3365 411 3425 F.
429 3365 465 3421 de
491 3375 565 3424 sent.
584 3366 662 3438 prof.
676 3367 712 3445 ¹in
730 3367 798 3425 virt.
816 3384 845 3440 p.
865 3371 897 3423 85
915 3364 948 3421 Β.
965 3378 995 3421 et
1012 3366 1048 3422 al.

186 3534 216 3590 p.
236 3520 282 3581 5⁰,
300 3520 343 3573 2⁰.
377 3514 455 3578 θεῶν]
489 3512 643 3587 Wyttenb.
664 3517 814 3589 corrigere
833 3492 942 3570 voluit:
977 3522 1071 3583 θείαν,
1090 3516 1199 3588 παθητὰ
1212 3513 1338 3585 duellia,
1354 3524 1397 3575 καλ

119 3610 215 3680 νοητῶν
234 3605 363 3678 αἰσθητὰ,
380 3607 516 3663 Reisltius
536 3625 606 3663 vero
623 3614 668 3660 θν.
683 3631 712 3678 μ,
730 3608 813 3674 θεῶν,
830 3615 873 3663 ναὶ
888 3609 996 3679 παθητὰ
1013 3611 1117 3680 νοητῶν,

181 3777 211 3833 p.
229 3764 277 3824 ⁵0,
295 3764 339 3816 21.
374 3752 509 3830 αἰσθητὰ]
535 3753 664 3826 αἰσθητὰ,
684 3754 763 3830 qnod
780 3755 866 3832 vulgo
884 3754 985 3812 aberat
1001 3759 1053 3814 sed
1073 3761 1161 3815 etiam
1177 3759 1208 3815 itt
1224 3758 1259 3818 B.
1276 3759 1393 3835 legitur,

115 3852 254 3911 accedere
274 3851 360 3925 jussit
378 3840 533 3924 Wytteuli.
559 3869 595 3906 ex
618 3850 652 3909 E.
688 3850 764 3906 Plut.
785 3851 820 3906 de
839 3851 929 3906 animi
948 3860 1045 3927 tranq.
1067 3862 1142 3910 extr.
1168 3850 1212 3908 οἷα
1231 3851 1289 3911 νοῦς
1308 3860 1395 3917 θεῖος,

115 3947 260 4016 αἰσθητὰ
284 3944 416 4015 νοητῶν
437 3941 534 4015 μιμητά
557 3945 592 4013 (f.
610 3943 761 4016 μιμήματα)
788 3964 864 4018 φησιν
889 3942 903 4000 ὃ
926 3944 1041 4001 Πλάτων.
1076 3948 1126 4003 vit.
1148 3945 1234 4001 Num.
1262 3964 1289 4002 c.
1306 3944 1393 4002 VIII.

115 4036 173 4095 οὔτε
194 4039 244 4113 γὰρ
266 4029 355 4100 ἐκεῖνος
377 4035 541 4108 αλσθητὸν
563 4036 582 4107 ἦ
605 4037 783 4108 παθητὸν,
813 4035 925 4112 ἀόρατον
947 4043 974 4095 di
998 4044 1041 4094 καλ
1062 4036 1190 4110 ἀκήρατον
1209 4043 1252 4094 καλ
1274 4037 1394 4108 νοητὸν

113 4110 362 4204 ὖπελάμβανενξεῖναι
378 4129 409 4185 τὸ
425 4130 534 4204 πρῶτον.

178 4296 208 4348 l).
224 4285 273 4343 50.
291 4284 338 4340 λλ.
372 4278 521 4351 στίλβοντα]
556 4278 654 4336 Reislt.
680 4280 807 4352 conjecit
823 4278 978 4349 στιλβόνταν.
1011 4279 1086 4336 Plat.
1105 4278 1212 4337 Phaed.
1236 4296 1264 4352 p.
1282 4283 1332 4336 110
1350 4274 1387 4338 D.

110 4376 154 4427 καλ
171 4368 220 4444 γὰρ
237 4367 304 4426 αὔτα
318 4371 399 4428 ταῦτα
415 4371 450 4428 τὰ
463 4377 538 4427 ιιοῖλα
561 4368 637 4440 tristia
659 4400 694 4414 -·
714 4369 848 4445 χρώμαιός
866 4397 894 4428 τι
913 4376 977 4436 εἶδος
995 4379 1170 4445 παρέχεσθαι,
1200 4377 1386 4441 στίλβοντα

110 4470 142 4521 λν
162 4464 197 4535 τῇ
218 4463 267 4517 τῶν
285 4461 365 4518 ἄλλον
381 4464 561 4538 χραμάτων
580 4468 739 4534 ποικιλία.

124 4589 238 4637 τιατ.
255 4584 280 4642 1.
967 4574 1005 4637 1t
1024 4575 1041 4610 '¹‘

1440 4432 1485 4640 l
