3036 4994
162 915 804 1029 HAOYTAPXOY
872 909 1275 1026 ΛΕΙΨΑΝΑ

335 1167 499 1249 νον
543 1168 755 1250 ΠΕΡΙ
791 1161 1125 1254 ΕΡυνοΣ.

558 1441 870 1467 ..ψ

486 1665 544 1731 Ἐκ
569 1667 640 1730 τού
665 1663 956 1753 περὶἝρωτος.

157 1765 199 1832 α’.
224 1765 295 1832 Τῶν
305 1766 501 1854 Μενάνδρου
518 1766 692 1853 δραμάτων
708 1767 837 1852 ὁμαλῶς
854 1766 1006 1833 ἁπάντων
1018 1764 1055 1833 ἓν
1070 1762 1254 1833 συνεκτικόν
1267 1764 1362 1840 ἐστιν,

80 1868 216 1954 ὁέρως,
241 1861 312 1936 οἷον
333 1874 459 1955 πνεῦμα
483 1872 593 1936 κοινόν
613 1871 827 1960 διαπεφυκώς.
857 1867 919 1936 Ὃν
945 1860 1003 1936 ούν
1026 1870 1168 1955 μάλιστα
1192 1864 1363 1942 θιασώτην

80 1976 137 2037 τού
155 1975 240 2038 θεού
259 1977 315 2038 καί
333 1971 510 2059 ὀργιαστὴν
528 1973 586 2038 τόν
601 1972 708 2061 ὀίνδρα
724 1961 1071 2058 συμπεριλαμβάνομιν
1088 1971 1203 2048 εἰςτὴν
1219 1969 1364 2049 ζήτησιν,

81 2077 149 2140 ἐπεὶ
175 2080 231 2141 καὶ
256 2075 406 2156 λελάληκε
425 2078 575 2160 περὶτοῦ
600 2073 734 2152 πάθους
757 2075 1032 2164 φιλοσοφώτερον.
1061 2073 1175 2153 ’Ἀξιον
1199 2072 1261 2157 γάρ
1283 2060 1366 2134 εἶναι

81 2176 257 2262 θαύματος
279 2183 363 2268 φησὶ
381 2178 418 2242 τό
437 2183 512 2266 περὶ
533 2178 606 2255 τούς
626 2179 781 2266 ἐρῶντας,
811 2173 917 2266 ώσπερ
938 2176 1046 2262 ἔστιν,
1066 2171 1136 2262 ἅμα
1155 2177 1261 2241 λαλεῖ·
1296 2161 1364 2238 εἶτα

80 2281 202 2364 ἀπορεῖ
218 2285 273 2347 καί
293 2282 381 2362 ζητεῖ
396 2281 478 2368 πρὸς
498 2279 624 2347 ἑαυτόν·

590 2407 661 2474 Τίνι
681 2406 875 2477 δεδούλωταί
893 2433 986 2493 ποτες

269 2509 388 2602 ”οψει,·
407 2510 570 2599 φλύαρος·
591 2514 647 2592 τῆς
665 2512 728 2599 γάρ
749 2511 847 2593 αὐτῆς
865 2511 983 2590 πάντες
1001 2509 1043 2578 ὀίν

265 2613 397 2700 Ἥρων·
416 2615 523 2703 κρίσιν
542 2613 605 2702 γάρ
626 2616 664 2681 τό
682 2616 811 2699 βλέπειν
831 2617 906 2697 ἴσην
925 2615 996 2702 ἔχει.

272 2717 360 2784 Ἀλλ’
380 2717 482 2798 ἡδονή
503 2742 552 2795 τις
570 2719 644 2796 τούς
664 2720 802 2806 ἐρῶντας
822 2720 973 2805 ἐπάγεται

275 2821 478 2903 Συνονσίας;
499 2824 567 2898 πῶς
585 2811 643 2887 οὖν
662 2824 771 2908 ἕτερος
789 2821 909 2903 ταύτην
927 2822 1007 2910 ἔχων

275 2923 376 2989 Οόδὲν
396 2925 582 3004 πέπονθεν,
602 2923 669 2989 ἀλλ’
691 2923 824 3004 ἀπῆλθε
841 2929 1043 3010 καταγελῶν,

267 3023 400 3114 Ἕτερος
419 3026 586 3110 άπόλωλε;
605 3026 719 3116 καιρός
739 3030 825 3093 ἐστιν
844 3027 865 3109 η
884 3028 982 3105 νόσος
1040 3075 1043 3078 -

282 3131 407 3214 Ψυχῆς·
428 3131 447 3193 ὁ
466 3133 595 3216 πληγείς
615 3131 647 3197 δ’
670 3133 745 3197 εἵσω
766 3132 806 3211 δη
825 3130 1040 3221 τιτρώσκεται.

87 3260 200 3323 Ταῦτα
219 3255 293 3321 τίνα
314 3257 380 3321 ε’στὶ
400 3256 619 3348 σκεψώμεθα·
638 3263 696 3324 καὶ
714 3257 777 3347 γάρ
798 3256 860 3344 ἔχει
880 3282 913 3324 τι
933 3259 1124 3346 κρουστικόν
1136 3262 1193 3326 καὶ
1206 3258 1367 3340 κινητικόν

84 3363 210 3426 αἴτιον·
242 3356 322 3443 μήτε
348 3358 407 3439 τὴν
432 3361 606 3428 συνουσίαν
632 3359 741 3428 αἰτίαν
770 3353 854 3428 εἶναι
882 3360 1031 3427 πιθανόν
1060 3363 1148 3428 ἐστι·
1181 3363 1279 3450 άρχαὶ
1305 3363 1368 3447 γάρ

85 3463 183 3529 αύταί
201 3486 285 3539 τινες
305 3461 396 3540 ἴσως,
417 3461 437 3542 ἡ
457 3465 492 3529 δὲ
512 3461 600 3550 ἰσχύς
614 3471 671 3531 καὶ
690 3466 817 3555 ῥίζωσις
830 3468 888 3531 τοῦ
906 3464 1040 3543 πάθους
1059 3467 1094 3532 έν
1110 3466 1237 3553 ἑτέροις.
1269 3463 1322 3529 Ἡ
1339 3465 1369 3529 δ’

85 3564 248 3646 άπόδιιξις
270 3567 401 3655 ἐλαφρά
422 3571 479 3631 καὶ
504 3566 575 3632 οόδ’
602 3568 744 3659 ἀληθής.
787 3567 833 3634 Ού
858 3569 921 3656 γάρ
947 3566 1010 3654 ἔχει
1032 3568 1139 3658 κρίσιν
1163 3569 1201 3634 τό
1214 3569 1368 3657 βλέπειν,

86 3669 192 3758 ὥσπερ
209 3670 283 3737 οὐδὲ
298 3671 335 3736 τό
350 3671 517 3755 γεύεσθαι.
554 3673 625 3736 Καὶ
642 3673 705 3761 γάρ
726 3671 803 3763 όψις
823 3673 945 3763 ὀψεως,
965 3678 1021 3740 καὶ
1034 3672 1135 3754 άκοῆς
1154 3669 1250 3751 άκοὴ,
1270 3667 1366 3758 φύσει

87 3799 120 3839 τε
137 3777 264 3858 μᾶλλον
285 3773 508 3865 διήρθρωται,
527 3780 583 3840 καὶ
602 3778 695 3867 τέχνη
716 3775 991 3862 συγγεγύμνασται
1010 3777 1092 3866 πρός
1111 3776 1171 3856 τὴν
1189 3775 1248 3839 τοῦ
1266 3771 1369 3837 καλοῦ

88 3876 274 3960 διάγνωσιν·
307 3879 342 3943 ἐν
368 3885 428 3962 μὲν
458 3877 631 3968 ἁρμονίαις
662 3884 715 3945 καί
741 3883 871 3964 μέλεσιν
901 3883 937 3946 αί
968 3883 1031 3947 τῶν
1059 3879 1239 3966 μουσικῶν·
1272 3875 1306 3941 έν
1335 3873 1371 3939 δὲ

86 3984 233 4070 μορφαῖς
253 3985 309 4048 καὶ
326 3977 426 4059 ἰδέαις
445 3985 482 4047 αἱ
500 3986 563 4053 τῶν
582 3980 669 4062 ζώων
688 3986 816 4073 φρένες·
845 3979 949 4072 ώσπερ
967 3981 1067 4052 εἰπεῖν
1085 4005 1163 4048 ποτε
1181 3976 1372 4063 Νικόμαχον

89 4085 215 4166 λέγουσι
238 4084 320 4168 πρὸς
346 4082 528 4173 ἄνθρωπον
551 4081 697 4167 ἰδιώτην,
731 4084 885 4174 φήσαντα
909 4088 955 4172 μὴ
983 4086 1087 4168 καλην
1112 4083 1198 4176 αύτῷ
1225 4081 1372 4172 φανῆναι

90 4186 148 4263 τὴν
164 4184 311 4268 Ζεύξιδος
327 4186 475 4268 Ἑλένην·
513 4189 607 4273 Λάβε
630 4190 709 4278 γάρ,
738 4189 816 4279 ἔφη,
847 4190 922 4269 τούς
944 4190 1039 4275 ε’μούς
1062 4188 1283 4280 ὀφθαλμούς,
1316 4189 1373 4253 καὶ

90 4285 171 4364 θεός
189 4310 243 4355 σοι
255 4289 446 4381 φανήσεται.
496 4294 590 4358 Πολύ
610 4295 644 4358 δὲ
664 4296 719 4358 καί
737 4297 879 4384 μυρεψοὶ
900 4297 972 4383 περὶ
991 4292 1032 4358 τά
1053 4292 1242 4381 ὀσφραντὰ,
1259 4293 1315 4355 καὶ
1331 4289 1371 4368 νὴ

92 4389 153 4454 Δία
180 4393 334 4478 ὀψοποιοὶ
360 4400 434 4482 περὶ
462 4396 504 4462 τά
526 4399 662 4480 γευστά,
697 4399 848 4488 διατριβῇ
877 4401 933 4464 καί
961 4396 1124 4488 συνηθείᾳ
1151 4395 1373 4484 διαφέρουσαν

91 4492 182 4576 ἡμῶν
198 4495 303 4582 κρίσιν
322 4495 437 4583 ἔχουσι.
475 4500 585 4567 Πάλιν
612 4503 647 4568 δὲ
669 4506 706 4570 τὸ
729 4504 885 4595 συνουσίᾳ
903 4503 961 4568 τόν
980 4499 1084 4588 ἔρωτα
1104 4499 1154 4584 μὴ]
1167 4499 1377 4588 κρατεῖσθαι,

93 4596 148 4664 διά
173 4597 210 4663 τό
234 4601 274 4688 τῇ
294 4598 374 4692 αὐτῇ
395 4604 624 4693 συγγενόμενον
648 4605 749 4678 ἄλλον
766 4608 1017 4697 Ιάπαλλοιγῆυοιο
1038 4608 1103 4674 νοίι
1119 4595 1406 4685 mmmm
