3036 4994
488 154 490 161 ’
578 193 830 272 annathon.
1311 206 1350 271 ae

61 384 159 448 equas
176 364 324 438 tondent,
342 372 374 425 et
392 360 502 425 deinde
523 361 561 423 ad
574 359 724 434 fluvium,
743 358 795 423 vel
814 357 933 433 laeum,
953 350 1121 424 adducunt.
1161 361 1242 425 Nam
1262 385 1348 428 suam

53 469 191 533 formam
217 463 443 549 conspicientes
468 465 646 540 foedatam,
672 463 825 529 ferociam
851 460 998 528 dicuntur
1026 469 1188 543 amittere,
1217 490 1255 532 ne
1284 470 1353 551 pati

54 594 157 655 porro
178 575 218 637 ab
243 571 336 635 asinis
361 591 396 635 se
415 568 596 634 conscendi.
635 568 792 652 Equidem
818 566 973 632 illiberale
999 582 1061 644 est,
1086 570 1213 636 divitias
1239 573 1351 639 uxoris

55 678 193 755 virtute,
214 689 265 741 aut
284 696 420 763 genere,
440 673 637 760 antiquiores
656 677 789 737 ducere:
812 671 936 755 junctas
956 687 1056 736 autem
1075 674 1124 738 his
1143 680 1239 742 rebus
1258 700 1351 743 aner·

57 781 139 858 sari,
166 781 305 847 stultum.
337 778 538 865 Antigonus
567 779 729 860 praesecto
759 776 940 842 muniendae
973 779 1165 858 Monychiae
1193 783 1351 859 scribens,

54 887 265 950 iubebatnon
279 889 373 950 rrrodo
389 884 506 948 millum
519 885 793 958 lacerenalidum,
812 886 868 947 sed
882 896 912 946 et
926 881 1026 964 ipsum
1045 905 1151 946 canem
1173 907 1349 952 macerare:

53 990 199 1055 nimirum
218 1002 252 1054 ut
272 989 509 1055 Atheniensium
538 1010 615 1071 opes
642 1000 803 1053 attereret.
843 989 890 1052 Aa
918 985 1029 1051 marito
1056 987 1180 1061 divitis,
1207 991 1258 1054 vel
1282 992 1352 1057 lor·

54 1116 178 1170 mosae,
205 1093 344 1158 mulieris
370 1117 434 1157 non
455 1091 628 1168 convenit,
647 1105 681 1156 ut
700 1113 766 1154 eam
787 1091 957 1156 delormem
977 1111 1185 1173 perperamve
1202 1095 1354 1183 redigat:

53 1201 109 1262 sed
128 1210 162 1262 ut
181 1220 216 1263 se
235 1198 338 1281 ipsum
363 1196 555 1262 continentia
576 1219 613 1259 ae
641 1196 821 1279 prudentia,
849 1195 989 1278 nihilque
1016 1216 1144 1272 eorum,
1172 1220 1251 1282 quae
1272 1221 1356 1265 uxor

54 1305 166 1380 hahet,
197 1305 353 1382 stupendo
381 1301 539 1384 aequalem
561 1299 612 1377 ei,
644 1301 754 1383 suique
779 1298 860 1383 juris
879 1312 1035 1381 praestet,
1066 1301 1270 1385 moribusque
1290 1302 1358 1367 suis

55 1406 155 1471 veluti
176 1405 345 1470 intrutina
364 1409 487 1488 pondus
507 1416 758 1489 momentumque
777 1405 838 1471 sibi
851 1417 956 1486 paret,
978 1425 1041 1487 quo
1056 1427 1187 1470 uxorem
1203 1408 1360 1489 deprimat
1424 1456 1429 1463 -

56 1525 89 1574 et
108 1511 169 1573 sibi
196 1513 459 1591 obtemperantem
486 1511 616 1583 habeat,
644 1508 735 1572 simul
764 1507 884 1572 utiliter
904 1505 955 1584 [et
977 1511 1138 1592 honeste]
1178 1511 1355 1591 Quinetiam

57 1628 157 1679 aetate
177 1617 377 1681 lsrnenodora
398 1618 437 1678 ad
451 1614 574 1697 nuptias
593 1613 704 1677 idonea
723 1625 787 1687 est,
807 1625 842 1676 ut
862 1634 941 1699 quae
961 1634 1074 1696 parcre
1094 1611 1205 1696 possit.
1247 1617 1356 1681 Audin

57 1719 156 1795 enim,
185 1719 217 1782 iu
248 1719 317 1802 ipso
346 1742 412 1783 eam
447 1742 528 1783 nunc
558 1712 669 1782 aetatis
698 1717 813 1800 vigore
842 1740 922 1782 esse.
976 1718 1138 1804 Simulque
1167 1723 1207 1783 ad
1235 1719 1355 1785 Pisiam

57 1823 218 1887 arridens:
243 1824 340 1887 Nullo
361 1825 462 1900 eninr,
484 1822 604 1906 ajebat,
624 1822 770 1886 rivalium
792 1823 942 1905 grandior
962 1833 1037 1886 natu
1055 1837 1117 1899 est,
1138 1845 1239 1908 nequa
1259 1848 1355 1890 canos

55 1933 160 2001 habet,
172 1940 205 1991 ut
214 1928 483 2006 nonnullieorum,
495 1929 755 2010 quiBacchouem
766 1931 981 1990 adsentantur:
996 1949 1129 2010 quorum
1139 1927 1165 1990 si
1172 1930 1360 2009 tempestiva

57 2035 192 2097 habetur
221 2032 435 2109 consrretudo,
474 2032 552 2114 quid
579 2032 729 2113 impedit,
765 2030 840 2112 quin
869 2030 935 2111 ipsa
968 2050 1095 2113 quoque
1131 2033 1358 2095 adolescentem

57 2137 462 2221 tractare'possitrmclium
491 2159 584 2216 quam
606 2133 736 2215 quaevis
755 2132 943 2213 juvencula?
973 2133 1151 2197 Difficulter
1171 2133 1251 2196 enim
1272 2156 1359 2197 eom·

59 2242 228 2306 miscentur
241 2241 387 2322 juvenes,
408 2254 439 2304 et
459 2240 514 2302 vix
534 2241 633 2324 longo
654 2238 806 2319 temporis
827 2242 959 2302 decursu
973 2238 1124 2303 ferociam
1138 2239 1360 2324 libidinemque
1469 2254 1476 2269 ·

61 2359 199 2409 exurunt:
231 2345 322 2409 initio
350 2356 490 2408 aestuant
515 2355 546 2406 et
571 2343 679 2427 jugum
706 2347 899 2418 detrectant,
929 2343 1062 2406 maxime
1088 2356 1208 2419 autem,
1236 2342 1262 2406 si
1290 2345 1359 2428 quis

64 2474 154 2514 arnor
180 2450 324 2524 exsistat,
356 2449 383 2512 is
413 2448 494 2511 sieut
522 2463 653 2527 ventus,
688 2451 901 2531 gubernatore
934 2452 1078 2523 absente,
1111 2448 1234 2524 navim,
1267 2449 1360 2512 facile

62 2555 293 2620 matrimonium
320 2557 489 2617 conturbat
515 2565 609 2638 atque
634 2553 815 2627 confundit,
847 2576 916 2615 cum
941 2550 1074 2634 juvenes
1094 2551 1227 2616 invicem
1249 2576 1360 2637 regere

62 2673 95 2725 et
124 2681 234 2742 parere
263 2681 325 2724 non
355 2659 488 2739 possint.
535 2659 605 2722 dam
637 2658 664 2720 si
692 2655 801 2720 rumix
831 2655 1164 2745 infantem-puerum
1198 2659 1360 2739 magister,

61 2768 215 2848 ephebum
236 2763 390 2849 gymnasii
409 2762 605 2844 praelectus,
626 2776 747 2827 arnstor
767 2759 930 2835 amasium,
951 2762 1087 2825 adultum
1108 2763 1161 2826 lex
1181 2776 1212 2827 et
1231 2776 1362 2846 praetor

61 2873 163 2952 regit,
193 2891 230 2934 ac
257 2891 348 2933 nemo
374 2869 422 2932 sui
448 2890 580 2949 prorsus
607 2865 686 2950 juris
707 2881 740 2931 et
759 2866 860 2930 omnis
880 2865 1004 2948 imperii
1026 2867 1167 2930 immunis
1186 2882 1253 2932 est:
1286 2865 1361 2951 quid

62 2976 137 3040 nrali
157 2957 252 3038 habet
272 2995 322 3036 res
343 2973 369 3036 si
390 2976 517 3038 cordata
540 2972 651 3034 mulier
676 2984 775 3036 aetate
797 2970 925 3036 minoris
946 2972 1048 3034 mariti
1069 2971 1189 3036 iuvenis
1209 2976 1363 3054 gubernet

62 3083 185 3144 vitam:
208 3079 292 3142 utilis
314 3076 387 3162 quia
406 3075 569 3159 prudentia
592 3099 660 3139 eum
681 3089 824 3157 superat,
846 3075 951 3139 stratis
967 3088 1067 3139 autem
1083 3092 1113 3141 et
1128 3089 1214 3162 grata
1231 3080 1361 3140 amando

61 3182 193 3248 futrrra?
222 3185 259 3246 In
281 3188 407 3246 summa
427 3202 504 3246 vero
526 3181 671 3244 venerari
703 3203 780 3256 nos,
813 3182 868 3264 qui
897 3181 1015 3245 Boeoti
1041 3203 1165 3256 sumus,
1195 3184 1361 3246 Herculem

64 3295 175 3362 decet,
196 3299 227 3351 et
247 3286 445 3351 matrimonio
461 3298 559 3351 aetate
574 3286 780 3370 inaequalium
797 3308 858 3349 non
873 3308 941 3350 esse
954 3285 1100 3370 iniquos:
1124 3309 1193 3349 eum
1214 3288 1346 3351 sciamus
1354 3294 1367 3360 ,'

63 3399 150 3459 hunc
169 3393 358 3476 Megaram,
385 3413 515 3454 uxorem
540 3414 644 3466 suain,
672 3413 770 3454 annos
797 3403 897 3454 natam
920 3402 984 3454 tres
1004 3413 1097 3471 snpra
1118 3391 1247 3478 triginta
1267 3394 1366 3458 Jolao

64 3480 197 3582 nuptum
218 3495 361 3571 dedisse,
383 3517 492 3559 annum
513 3509 589 3560 tune
608 3496 713 3578 agenti
735 3508 856 3559 sextum
877 3517 969 3576 supra
993 3497 1156 3560 decimum.
1213 3558 1215 3563 ,

146 3603 194 3665 Χ.
235 3602 317 3666 Dum
338 3602 416 3664 haec
435 3599 482 3663 illi
501 3601 582 3664 inter
603 3624 635 3664 se
656 3600 895 3682 colloquuntur,
924 3599 1028 3663 Pisiae
1050 3600 1161 3663 'socius
1190 3596 1269 3671 (sic.
1283 3595 1365 3662 enim

64 3709 215 3771 narrabat
234 3707 336 3787 pater)
357 3725 440 3786 equo
462 3703 558 3769 citato
579 3728 619 3769 ex
639 3710 718 3769 urbe
737 3704 843 3779 venit,
864 3703 974 3767 mirum
994 3705 1179 3768 renuncians
1200 3706 1364 3787 aridasque
1423 3686 1428 3695 ,

69 3810 205 3882 facinus.
243 3809 369 3874 Etenim
383 3811 587 3872 Ismeuodora
604 3804 798 3884 existimans,
820 3823 854 3873 ut
873 3821 941 3873 erat
960 3810 1142 3890 probabile,
1163 3809 1261 3892 ipsum
1283 3811 1365 3871 Bac·

69 3919 203 3980 chonem
224 3914 403 3995 neutiquam
424 3936 441 3977 a
462 3913 578 3997 nuptiis
599 3916 788 3988 abhorrere,
818 3926 935 3978 tantum
956 3937 1011 3979 eus
1034 3914 1153 3990 vereri,
1175 3912 1228 4003 qui
1250 3915 1364 3976 dehor-

70 4023 235 4083 tabantur:
268 4032 418 4084 statuerat
445 4022 672 4083 adolescentem
701 4042 763 4084 non
793 4018 960 4083 dimittere.
1010 4017 1119 4099 ltaque
1149 4016 1276 4093 accitis,
1311 4017 1366 4100 qni

72 4125 241 4189 amicorum
263 4124 394 4188 maxime
414 4137 503 4186 erant
525 4128 675 4199 audaces,
698 4120 826 4206 ejusque
841 4123 941 4186 amori
954 4123 1119 4198 favebant,
1141 4133 1170 4183 et
1186 4119 1365 4184 mulieribus
1423 4202 1426 4213 Ι

73 4229 294 4303 familiaribus,
314 4252 348 4292 re
369 4252 436 4291 cum
458 4228 496 4292 iis
520 4228 709 4309 composita,
730 4233 838 4291 horam
854 4228 1062 4311 exspectavit,
1083 4247 1142 4309 qua
1158 4227 1285 4288 Baccho
1300 4239 1366 4290 erat

73 4335 107 4398 in
134 4335 315 4413 palaestram
341 4348 465 4417 praeter
490 4339 614 4398 domum
642 4333 738 4416 ipsius
763 4333 875 4399 iturus.
917 4332 978 4411 Qui
1006 4344 1039 4396 ut
1066 4351 1106 4394 eo
1131 4330 1217 4394 venit
1236 4346 1365 4408 unctus,

91 4489 331 4511 —u———a—-b-

77 4577 113 4633 F.
139 4583 167 4635 4.
202 4585 264 4641 idne
280 4583 356 4649 εἶχεν]
375 4578 553 4663 idornddidi
570 4597 605 4633 ex
624 4573 657 4636 Ε.

77 4671 110 4730 F.
131 4672 173 4732 ib.
206 4669 378 4749 παλαίστρας]
396 4672 455 4730 ΒΕ.
492 4671 588 4749 Vulgo
605 4677 772 4749 παλαίστραν.
