3036 4994
634 140 885 258 enarrans.
923 238 927 243 .
1311 153 1334 158 ”
1365 194 1403 258 11

191 353 260 419 Alii
286 351 367 418 enim
392 350 532 418 derident
560 373 632 430 eos,
662 350 705 428 si,
734 354 821 418 velut
851 351 1020 417 sacrificuli
1049 363 1079 418 et
1106 352 1220 418 harioli
1250 364 1405 419 amatores

110 458 224 543 jubent
243 458 277 523 in
296 459 415 523 femora
435 469 466 522 et
486 479 598 521 coxam
618 456 786 540 inspicere.
827 459 901 538 Ego
922 472 1021 522 autem
1041 462 1104 524 hoc
1122 480 1324 541 permagnum
1345 479 1405 540 pro
1441 494 1444 500 ·

111 563 295 628 mulieribus
322 575 537 648 argumentum
562 583 688 628 censeo.
729 561 764 625 Si
789 562 869 625 enim
898 567 1091 627 consuetudo
1117 578 1246 629 naturae
1273 568 1406 628 adversa
1467 601 1473 609 -

111 690 183 732 cum
205 667 280 732 viris
300 666 377 732 nihil
397 667 505 731 adimit
518 666 687 731 amatoriae
701 666 954 744 beneuolentiae,
975 689 1075 752 neque
1090 690 1154 732 eam
1168 668 1283 733 laedit:
1306 668 1406 736 multo
1480 694 1486 719 ··

112 773 211 856 magis
230 761 395 855 probabile
415 783 479 849 est,
500 771 661 837 mulierum
682 785 713 836 et
732 771 873 841 virorum
894 793 1032 836 amorem
1052 785 1179 838 naturae
1200 796 1295 857 opera
1316 786 1407 837 uten-
1451 798 1457 851 j

112 889 173 940 tem
200 899 257 960 per
281 875 447 949 amicitiam
477 881 517 942 ad
547 876 678 960 gratiam
704 876 883 960 pervenire.
932 877 1026 956 Quod
1055 876 1154 955 eninr,
1185 880 1405 964 Protogenes,

113 981 223 1046 rnulier
239 980 315 1047 ¹viro
335 980 523 1065 obsequium
544 993 701 1063 praestat,
727 981 826 1066 gratia
853 980 913 1045 luit
938 984 977 1043 ab
1004 980 1140 1065 antiquis
1167 980 1295 1046 dictum.
1334 983 1407 1062 Quo

111 1108 204 1151 seusu
217 1085 373 1152 Pindarus
387 1085 485 1161 dixit,
506 1084 682 1150 Vulcanum
701 1107 720 1149 ‚e
740 1086 864 1150 lunone
880 1085 958 1152 sine
970 1087 1103 1169 gratiis
1117 1096 1265 1151 natum:
1285 1099 1315 1152 rt
1330 1108 1408 1168 quac

111 1195 248 1257 nondum
269 1189 455 1272 tempestiva
477 1189 592 1270 nuptiis
612 1203 710 1264 esset,
729 1211 796 1252 eam
817 1189 862 1254 sic
883 1190 1049 1271 compellat
1069 1193 1222 1272 Sappho:

306 1290 442 1358 Videre
454 1289 545 1359 mim
553 1312 675 1382 parua
688 1289 910 1382 essepuella,
931 1303 966 1363 et
975 1294 1185 1377 partarum
1197 1313 1345 1383 expers.

112 1397 158 1463 Et
177 1419 219 1462 ex
237 1395 376 1465 Hercule
397 1395 521 1479 quidam
542 1395 701 1477 quaerite„

306 1499 370 1570 Au
390 1499 426 1567 ui
440 1496 602 1590 puellam
621 1499 830 1585 cognovisti,
851 1522 900 1567 an
921 1501 1074 1584 qratia?
1117 1562 1120 1567 .
1228 1553 1230 1556 -

112 1621 331 1686 Masculorum
361 1616 472 1682 autem
494 1617 717 1697 concubitus,
741 1619 769 1683 si
800 1644 870 1684 cum
901 1620 1001 1686 inrito
1032 1623 1106 1697 liat,
1147 1621 1304 1686 violentus
1335 1633 1406 1685 esta
1452 1636 1458 1661 ³

115 1724 237 1789 sicum
266 1722 404 1800 uolente,
434 1719 621 1806 conjunctus
641 1722 784 1788 mollitiei
803 1739 834 1790 et
855 1724 1007 1803 insaniae,
1037 1731 1205 1791 secundum
1227 1728 1390 1792 Platonem
1401 1765 1416 1802 ,-

113 1840 144 1892 ct
168 1823 342 1895 belluinus
366 1849 403 1892 ac
429 1811 557 1893 natura'e
582 1851 783 1913 repugnans,
813 1830 1002 1914 omninoque
1028 1832 1186 1917 ingratus,
1216 1834 1348 1908 foedus,
1379 1840 1411 1896 ct

114 1931 189 1996 nihil
204 1933 321 1996 habens
336 1933 518 1998 venustatis.
555 1935 664 2016 ltaque
679 1933 837 2008 arbitror,
855 1937 1003 1998 Solonem
1017 1935 1076 1997 ista
1090 1936 1253 2018 scripsisse
1265 1935 1411 2016 juvenem

112 2041 232 2113 adhuc,
258 2050 305 2114 et,
332 2036 386 2117 [ut
405 2037 487 2104 idem
510 2037 609 2104 Plato
625 2035 707 2118 ait],
733 2037 867 2104 senune
888 2047 1109 2121 carpentem:
1137 2055 1290 2122 provecta
1310 2052 1411 2102 autem

114 2154 213 2208 aetate
233 2143 357 2207 isthuc:
883 2160 886 2165 ·
1403 2158 1406 2165 ·

308 2243 428 2313 Grata
450 2244 542 2314 midi
565 2243 717 2314 Veneris
736 2268 829 2311 nunc
851 2255 949 2322 suut,
969 2255 1002 2312 et
1022 2243 1119 2311 dona
1139 2243 1271 2330 Lyaei,

388 2347 674 2440 Musarumque:
693 2351 784 2419 uiris
801 2348 889 2417 daut
908 2371 951 2416 ea
972 2347 1150 2416 laetitiam
1158 2373 1171 2414 .·

116 2477 186 2519 cum
216 2452 288 2544 jam
309 2453 407 2521 veluti
436 2476 476 2519 cx
510 2470 596 2519 aestu
626 2468 657 2520 et
684 2468 864 2538 tempestate
893 2454 1057 2540 puerilium
1087 2476 1227 2518 aurorum
1258 2452 1350 2517 vitam
1382 2454 1412 2518 iu

116 2557 341 2643 tranquillitate
356 2557 546 2630 matrimonii
560 2572 591 2624 et
605 2560 823 2643 philosophiae
837 2560 1036 2626 collocasset.
1063 2559 1156 2637 Enim
1173 2581 1249 2623 vcro
1263 2557 1290 2622 si
1305 2580 1413 2622 verum

116 2663 307 2750 quaerimus,
327 2665 545 2748 Protogenes,
566 2687 623 2739 una
640 2677 671 2729 et
684 2668 788 2730 eadem
804 2675 850 2728 est
865 2662 980 2726 arnoris
997 2685 1072 2747 erga
1084 2663 1235 2749 vmulieres
1250 2678 1280 2729 et
1296 2685 1414 2746 pueros

114 2769 265 2836 adlectio.
311 2769 347 2835 Si
376 2783 478 2835 autem
510 2773 718 2836 contendendi
750 2773 861 2834 ductus
890 2768 995 2843 studio
1024 2768 1175 2837 divellere
1206 2769 1284 2846 vis,
1305 2766 1414 2854 gravis

116 2876 226 2958 culpae
240 2876 436 2940 damnabitur
451 2877 580 2960 puerilis
596 2897 704 2941 amor:
727 2874 781 2958 qui
796 2896 867 2938 cum
882 2877 969 2937 tarde
983 2872 1014 2938 in
1030 2873 1112 2950 vita,
1132 2888 1163 2938 et
1183 2872 1415 2956 intempestive,

116 2978 207 3066 quasi
227 2978 353 3062 spurius
373 2994 404 3046 et
424 2983 568 3045 occultus
588 2980 774 3056 exstitisset,
805 2978 972 3063 genuinum
993 3001 1127 3044 aurorem
1149 2978 1296 3060 expellat.
1335 2976 1415 3041 Hori

116 3085 214 3160 enim,
234 3083 349 3161 amice,
369 3097 424 3149 aut
442 3085 554 3150 nudius
574 3085 701 3161 tertius,
723 3097 795 3168 post
809 3083 1031 3150 denudationes
1046 3104 1217 3165 corporum
1232 3081 1415 3147 adolescen-

116 3189 194 3263 tium
213 3188 245 3252 in
266 3189 426 3270 gymnasia
449 3193 622 3272 obrepens,
648 3189 803 3273 taciteque
828 3187 961 3252 illiciens
987 3203 1017 3253 et
1037 3210 1236 3271 provocans,
1265 3186 1414 3270 paulatim

118 3292 229 3358 deinde
254 3292 286 3356 in
311 3292 617 3377 palaestrispennas
644 3299 793 3377 adeptus,
822 3316 886 3359 non
907 3294 1065 3376 compesci
1084 3317 1184 3376 porro
1205 3305 1329 3374 potest:
1359 3295 1415 3356 scd

118 3395 344 3462 contumeliose
359 3396 588 3465 circumscribit
602 3422 739 3467 amorem
753 3398 839 3464 illum
854 3397 1074 3482 coniugialem,
1089 3398 1143 3484 qui
1158 3399 1265 3480 generi
1279 3401 1414 3461 humano

116 3500 383 3568 immortalitatem
405 3518 508 3583 parat,
528 3519 668 3569 naturam
687 3519 827 3570 nostram
842 3527 964 3588 pessum
981 3517 1101 3569 euntem
1119 3505 1206 3570 illico
1226 3503 1415 3567 resuscitans

118 3608 311 3690 generando.
351 3606 383 3670 ls
409 3629 486 3681 veru
511 3612 720 3675 masculorum
750 3632 839 3675 annor
869 3610 1061 3693 voluptatem
1091 3609 1264 3684 inficiatur,
1293 3613 1415 3692 pudore

119 3722 152 3775 et
171 3725 253 3774 metu
274 3711 466 3794 compulsus.
508 3712 651 3798 Cumque
671 3738 751 3799 opus
771 3714 800 3779 ei
820 3715 861 3779 sit
880 3714 985 3798 aliqua
1005 3714 1253 3799 praescriptione
1267 3716 1415 3787 honesta,

119 3819 192 3882 dum
212 3816 373 3881 formosos
386 3829 608 3885 consectatur:
629 3820 751 3903 culpam
772 3818 925 3885 amicitiae
938 3842 974 3883 ac
993 3818 1117 3884 virtutis
1133 3830 1296 3903 praetextu
1317 3815 1413 3879 velat.

117 3923 230 4005 Itaque
255 3921 287 3987 in
311 3922 442 4006 pulvere
469 3937 629 4006 versatur,
659 3925 778 4013 frigida
798 3925 897 4002 lavat,
925 3924 1126 4009 supercilium
1147 3922 1280 3999 attollit,
1307 3919 1414 4004 philo·

122 4086 323 4103 m

122 4186 157 4243 E.
180 4193 206 4248 3.
239 4187 315 4262 χάρις
331 4190 431 4264 ἄχαρις]
450 4210 487 4248 ex
505 4211 568 4248 mea
586 4193 769 4267 conjectura.
806 4191 900 4268 Vulgo
918 4190 1001 4248 abest
1015 4190 1098 4266 χάρις.
1151 4252 1152 4255 ,

123 4276 160 4335 E.
182 4287 208 4339 9.
243 4281 351 4337 καὶτῶν
371 4286 502 4353 παιδικῶν]
521 4282 676 4358 Wyttenh.
695 4276 803 4343 deleuit
821 4292 863 4341 rat
880 4304 947 4349 curu
964 4285 1042 4344 lllen.

123 4369 157 4428 F.
181 4377 206 4429 ⁵.
241 4372 372 4444 distairai]
396 4375 559 4434 idumeum
576 4377 653 4438 Met..
672 4375 815 4441 ἐξελαύνειν.
839 4367 840 4370 ¹

122 4462 157 4521 F.
177 4461 215 4522 ih.
245 4472 287 4522 aut
303 4466 478 4544 πρεσβύτερον]
497 4469 574 4525 idem
592 4489 607 4525 c
625 4470 686 4531 BE.
721 4470 822 4545 Vulgo
842 4470 942 4527 aberat
960 4474 1011 4528 sut.

122 4555 157 4613 n.
184 4563 210 4614 s.
245 4563 329 4627 nen]
348 4559 409 4619 nn.
445 4562 546 4637 Vulgo
562 4570 634 4630 xes..

121 4648 160 4705 A.
186 4655 210 4706 1.
246 4647 338 4719 οὐκέτι]
356 4653 417 4713 ΒΕ.
452 4654 547 4732 Vulgo
567 4652 613 4713 oria
631 4661 676 4738 itt.
