3036 4994
557 182 561 190 '
589 178 858 270 eructuans
1318 204 1358 300 m

14 323 25 385 l
67 359 131 425 viri
160 371 261 425 autem
280 357 518 442 pulcherrimam
539 357 694 427 amicitiae
721 356 915 421 venationem
940 353 1127 434 molientis,
1142 380 1242 446 neque
1262 364 1358 437 deus,

20 454 24 507 ἶ
69 488 172 568 neque
193 463 302 552 genius
322 464 401 528 ullus
415 478 559 531 conatum
574 461 721 544 adjuvat?
741 465 795 526 E
774 462 954 546 goquidem
969 485 1068 547 neque
1082 487 1236 547 quercus,
1254 488 1359 549 neque

10 552 23 593 ¹
70 570 173 645 mori,
200 593 277 652 ueqe
297 569 473 644 labruscae,
500 591 590 654 quam
611 570 769 632 Homerus
788 567 971 648 praedicans
989 565 1128 650 ἡμερίδα
1147 573 1190 634 oh
1210 571 1357 661 tenerita-

10 654 129 801 :tem
151 689 260 748 vocat,
281 674 418 759 genuine
439 673 628 750 deformius,
655 685 706 736 ant
727 672 877 745 deterius,
905 693 1032 757 germen
1052 675 1205 738 hominem
1226 699 1356 753 censeo,

69 780 112 842 mi
132 781 319 860 Daphnaee:
350 801 419 841 cum
447 777 513 861 ejus
541 777 705 860 pullulatio
736 799 940 861 progressum
967 778 1097 854 habeat,
1125 779 1355 860 pulchritudine

68 905 138 946 cum
160 884 305 965 corporis
326 895 389 946 tum
404 882 503 946 animi
524 884 747 966 splendentem.

143 1029 223 1090 XV.
263 1029 379 1104 Estne,
409 1026 510 1107 inquit
531 1027 735 1108 Daphnacus,
762 1027 931 1109 perdens,
959 1025 1013 1107 qui
1037 1048 1127 1090 secus
1148 1028 1282 1092 sentiat?
1308 1029 1354 1107 li,

63 1131 168 1214 ajebat
187 1144 293 1214 pater,
318 1132 490 1208 mehercle,
518 1131 572 1221 qui
593 1127 775 1212 opinantur,
800 1130 966 1205 arationis,
985 1130 1134 1209 sationis,
1152 1134 1354 1217 plantationis

63 1237 174 1300 euram¹
185 1236 245 1301 diis
262 1235 445 1300 convenire.
486 1238 561 1300 Nou
574 1236 654 1299 enim
669 1238 831 1316 Nymphae
846 1240 993 1317 quaedam
1007 1236 1069 1298 illis
1084 1252 1154 1303 sunt
1168 1235 1356 1324 Dryades,

65 1337 219 1405 cundem
244 1361 326 1404 eum
351 1339 483 1404 ardore
499 1339 612 1420 finem
636 1339 714 1406 aeni
744 1339 917 1405 sortitae:
946 1353 978 1404 et
1003 1338 1186 1418 Bacchae,
1213 1355 1247 1407 ut
1273 1346 1357 1424 apud

63 1444 236 1508 Pindarum
257 1457 320 1519 est,
340 1443 512 1510 ardorum
523 1443 688 1524 fructus,
709 1453 990 1532 autumnumque
1003 1441 1226 1528 splendidum
1240 1447 1353 1537 efficit:

63 1548 294 1610 adolescentum
321 1560 352 1610 et
376 1568 543 1628 puerorum
568 1547 601 1612 iu
624 1549 705 1612 flore
729 1547 838 1610 aetatis
857 1549 1095 1612 formandorum
1119 1555 1355 1634 componendo-

64 1673 196 1734 rumque
214 1651 343 1715 nutritio
371 1664 463 1736 atque
483 1651 672 1717 incrementa
692 1652 769 1730 nulli
796 1655 942 1727 deorum,
973 1664 1026 1716 aut
1050 1653 1231 1741 geniorum,
1259 1677 1354 1719 curae

61 1756 183 1833 eruut?
213 1759 323 1840 Neque
349 1767 415 1832 est,
445 1757 499 1841 qui
522 1772 690 1839 procuret,
721 1770 756 1821 ut
781 1768 869 1821 uatus
895 1761 990 1823 homo
1019 1763 1058 1823 ad
1075 1760 1234 1849 *virtutem
1264 1773 1353 1825 recte
1436 1760 1439 1771 ’

58 1861 199 1937 feratur,
227 1883 330 1943 neque
353 1861 475 1925 indoles
500 1861 566 1945 ejus
597 1885 750 1947 generosa
775 1874 936 1925 avertatur
962 1876 994 1927 et
1018 1864 1182 1947 frangatur
1208 1867 1355 1931 destituta

59 1968 209 2040 duetore,
228 1979 281 2030 aut
295 1970 337 2030 ob
351 1967 536 2049 pravitatem
553 1989 681 2043 eorum,
701 1989 770 2028 eum
785 1966 898 2046 quibus
918 1965 1021 2029 vivit?
1042 1969 1127 2031 Mihi
1147 1969 1269 2053 quidem
1289 1974 1355 2034 hoo

58 2083 150 2153 turpe
176 2071 259 2136 dictu
287 2071 429 2149 videtur,
458 2069 637 2154 ingratique
664 2083 742 2150 puto
768 2081 831 2146 est,
861 2069 1018 2133 hocloco
1046 2071 1263 2137 humanitatem
1292 2079 1351 2139 deo

57 2178 247 2252 detrahere,
269 2198 348 2259 quae
378 2195 603 2257 usquequaque
634 2173 793 2254 dispersa,
819 2172 897 2236 nulli
918 2171 989 2236 usui
1008 2186 1119 2238 nostro
1140 2179 1240 2251 deest,
1261 2178 1354 2240 etiam

59 2302 185 2355 eorum,
208 2302 347 2363 quorum
374 2280 445 2343 finis
465 2278 655 2341 necessarius
675 2276 773 2361 rua'gis
794 2280 859 2352 est,
890 2300 981 2361 quam
1002 2277 1144 2358 pulcher.
1184 2281 1231 2343 Ita
1251 2281 1354 2345 statim

57 2398 167 2476 partus
190 2397 313 2459 noster,
339 2406 413 2447 sane
438 2403 501 2446 non
525 2381 705 2464 speciosus,
733 2394 766 2446 ut
792 2381 846 2466 qui
871 2382 1036 2447 doloribus
1057 2395 1087 2446 et
1106 2384 1255 2466 sauguine
1275 2408 1353 2450 cou-

58 2486 202 2563 ficiatur,
230 2500 329 2550 tamen
355 2489 449 2552 hahet
475 2477 609 2550 divinam
636 2485 853 2569 inspectricem
881 2500 912 2549 et
936 2486 1153 2563 obstetricem,
1183 2481 1351 2556 Lucinam.

59 2591 213 2656 Nimirum
233 2605 333 2656 autem
353 2594 531 2675 praestabat
549 2612 613 2655 non
633 2591 736 2665 nasci,
758 2611 848 2671 quam
863 2589 932 2654 fieri
950 2591 1085 2653 malum
1075 2594 1179 2675 inopia
1195 2595 1352 2659 curatoris

58 2709 91 2758 et
117 2695 268 2760 custodis.
309 2698 379 2762 Jam
406 2718 445 2760 ne
465 2707 679 2782 aegrotantem
706 2694 830 2775 quidem
855 2694 1010 2758 homiuem
1038 2699 1114 2759 deus
1134 2698 1268 2774 deserit,
1298 2699 1353 2782 qni

57 2799 125 2864 istis
152 2814 199 2865 est
223 2800 400 2881 praefectus
426 2800 551 2874 usibus,
580 2821 680 2883 neque
709 2798 905 2864 morientem.
952 2803 1015 2866 Sed
1043 2815 1089 2865 cst
1119 2802 1265 2886 quidam,
1297 2804 1352 2887 qui

58 2905 178 2969 anicios
198 2904 270 2970 hinc
290 2907 442 2981 abducat,
467 2903 678 2981 auxiliarius,
709 2905 763 2988 qui
783 2925 924 2995 somnum
945 2904 1092 2970 conciliet
1112 2921 1143 2971 ct
1163 2906 1291 2971 animam
1313 2911 1354 2970 ad

57 3032 162 3074 manes
182 3013 333 3075 deducat:
356 3008 437 3074 sicut
456 3008 509 3073 ille
530 3009 593 3074 aita
874 2992 878 2999 ⁵
1075 3028 1078 3033 ·

250 3153 332 3218 Non
350 3153 540 3221 nonenim
558 3154 681 3236 'penuit
700 3174 758 3220 me
771 3153 975 3245 principem
995 3157 1116 3240 lyrae,

254 3255 290 3324 V
290 3268 443 3341 atemne,
465 3255 521 3324 nel
538 3258 734 3325 medicum:
754 3256 819 3325 sed
836 3258 899 3347 qui
918 3257 1128 3329 mortalium

252 3360 410 3426 Animas
429 3362 504 3427 suis
524 3359 652 3428 ductor
671 3383 844 3454 reponam
863 3360 1016 3430 sedibus.

57 3518 102 3580 Et
123 3514 247 3600 quidem
267 3517 345 3578 haec
370 3515 480 3578 multas
502 3518 618 3578 hahent
643 3515 849 3582 difficultates.
890 3517 1017 3580 Nullum
1039 3539 1115 3582 vcro
1137 3519 1270 3582 sanctius
1291 3518 1354 3582 dici

61 3634 167 3704 potest
193 3620 348 3695 studium,
377 3641 477 3702 neque
503 3631 679 3697 certamen,
710 3621 843 3686 ullamve
873 3621 1103 3687 contentionem
1133 3625 1266 3688 arbitrio
1294 3645 1352 3686 suo

74 3811 373 3830 μ

63 3935 99 3992 F.
117 3934 159 3990 ib.
183 3935 342 4005 πολυγαθὴς]
371 3953 407 3991 ex
425 3933 483 3990 allo
503 3933 653 3992 Plutarchi
671 3935 748 3995 loco.
784 3935 885 4012 Vulgo
901 3938 967 3994 noli
980 3962 1008 3996 cr
1025 3946 1117 4012 φέγγος
1135 3934 1244 4000 cilicises.

64 4028 99 4086 F.
125 4031 152 4084 5.
187 4025 264 4098 ἁγνὸν
281 4035 371 4099 φέγγος
389 4025 499 4100 uincique]
519 4027 620 4105 Vulgo
638 4036 730 4101 φέγγος
751 4024 827 4101 ἁγνὸν
841 4029 949 4104 ὀπώρας.

64 4122 101 4180 Α.
126 4127 150 4179 3.
186 4118 372 4184 ιῖπολαύοντάς]
392 4119 451 4176 ΒΕ.
471 4120 590 4177 Leonic.
606 4120 687 4180 Mez.
702 4121 856 4195 Wyuenh.
875 4124 974 4184 Reisk.
1002 4122 1103 4198 Vulgo
1121 4121 1319 4188 incinerantur.

64 4215 101 4269 A.
127 4213 166 4271 ih.
189 4215 227 4286 γε]
251 4214 352 4272 Reish.
371 4212 528 4286 Wyttenh.
564 4213 665 4290 Vulgo
684 4238 720 4272 τε.

65 4307 103 4362 A.
129 4313 154 4364 5.
190 4303 270 4370 addire
285 4304 301 4377 ἡ
318 4306 386 4377 napi]
407 4304 422 4375 i,
442 4307 536 4380 adjeci
554 4326 568 4362 e
586 4305 649 4364 BE.

65 4396 102 4455 B.
126 4403 152 4457 2.
186 4398 320 4472 κομιστὴρ]
345 4398 504 4472 Wytteult.
521 4417 537 4455 e
554 4399 615 4457 ΒΕ.
650 4399 753 4476 Vulgo
769 4402 896 4475 κομιστὸν.

66 4488 102 4547 Β.
128 4492 154 4548 5.
188 4487 252 4546 ἀλλὰ
277 4489 375 4562 θνητὸν
399 4491 453 4565 ἅμα
477 4495 583 4566 ψυχαῖς]
610 4492 700 4550 Hunc
723 4493 834 4559 locum,
862 4494 945 4565 cujus
968 4508 1064 4567 neque
1087 4493 1122 4549 dc
1147 4513 1235 4553 sensu
1259 4515 1352 4573 neque

206 4587 352 4658 scripturn
369 4587 476 4664 liquet,
495 4589 588 4643 satius
606 4587 675 4644 duxi
695 4589 742 4645 hic
761 4587 878 4665 quidem
895 4587 1037 4643 intactum
1052 4587 1239 4665 relinquere.
1415 4562 1428 4649 i

65 4677 99 4734 Β.
127 4683 152 4734 ὃ.
190 4675 236 4732 otia
254 4682 331 4744 ἔστιν]
351 4679 382 4735 Ε.
420 4681 520 4760 Vulgo
537 4676 596 4737 odd'
617 4688 691 4741 intra.
