<?xml version="1.0" encoding="UTF-8"?>
<!DOCTYPE html PUBLIC "-//W3C//DTD XHTML 1.0 Transitional//EN"
    "http://www.w3.org/TR/xhtml1/DTD/xhtml1-transitional.dtd">
<html xmlns="http://www.w3.org/1999/xhtml" xml:lang="en" lang="en">
 <head>
  <title>
</title>
<meta http-equiv="Content-Type" content="text/html;charset=utf-8" />
  <meta name='ocr-system' content='tesseract 3.04.00' />
  <meta name='ocr-capabilities' content='ocr_page ocr_carea ocr_par ocr_line ocrx_word'/>
</head>
<body>
  <div class='ocr_page' id='page_1' title='image "./plutarchierotic00xylagoog_0228.png"; bbox 0 0 3036 4994; ppageno 0'>
   <div class='ocr_carea' id='block_1_1' title="bbox 156 206 215 271">
    <p class='ocr_par' dir='ltr' id='par_1_1' title="bbox 156 206 215 271">
     <span class='ocr_line' id='line_1_1' title="bbox 156 206 215 271; baseline 0.034 -2"><span class='ocrx_word' id='word_1_1' title='bbox 156 206 215 271; x_wconf 77' lang='lat' dir='ltr'>tot</span> 
     </span>
    </p>
   </div>
   <div class='ocr_carea' id='block_1_2' title="bbox 158 349 1465 1645">
    <p class='ocr_par' dir='ltr' id='par_1_2' title="bbox 158 349 1465 1645">
     <span class='ocr_line' id='line_1_2' title="bbox 159 349 1463 434; baseline -0.004 -18"><span class='ocrx_word' id='word_1_2' title='bbox 159 371 193 417; x_wconf 93' lang='lat' dir='ltr'>ut</span> <span class='ocrx_word' id='word_1_3' title='bbox 217 360 316 434; x_wconf 83' lang='lat' dir='ltr'>arguit</span> <span class='ocrx_word' id='word_1_4' title='bbox 337 358 483 416; x_wconf 85' lang='lat' dir='ltr'>librorum</span> <span class='ocrx_word' id='word_1_5' title='bbox 506 372 672 415; x_wconf 73' lang='lat' dir='ltr'>consensus</span> <span class='ocrx_word' id='word_1_6' title='bbox 695 366 725 412; x_wconf 89' lang='lat' dir='ltr'>et</span> <span class='ocrx_word' id='word_1_7' title='bbox 748 358 813 431; x_wconf 88' lang='lat' dir='ltr'>ipsa</span> <span class='ocrx_word' id='word_1_8' title='bbox 838 357 997 416; x_wconf 86' lang='lat' dir='ltr'>sententia.</span> <span class='ocrx_word' id='word_1_9' title='bbox 1029 354 1066 413; x_wconf 90' lang='lat' dir='ltr'>In</span> <span class='ocrx_word' id='word_1_10' title='bbox 1082 353 1118 411; x_wconf 92' lang='lat' dir='ltr'>B.</span> <span class='ocrx_word' id='word_1_11' title='bbox 1137 357 1216 413; x_wconf 79' lang='lat' dir='ltr'>enirn</span> <span class='ocrx_word' id='word_1_12' title='bbox 1233 363 1310 428; x_wconf 87' lang='lat' dir='ltr'>post</span> <span class='ocrx_word' id='word_1_13' title='bbox 1333 349 1375 413; x_wconf 70' lang='lat' dir='ltr'>de</span> <span class='ocrx_word' id='word_1_14' title='bbox 1397 351 1463 411; x_wconf 82' lang='lat' dir='ltr'>nihil</span> 
     </span>
     <span class='ocr_line' id='line_1_3' title="bbox 160 445 1463 527; baseline -0.007 -16"><span class='ocrx_word' id='word_1_15' title='bbox 160 453 286 527; x_wconf 80' lang='lat' dir='ltr'>sinplins</span> <span class='ocrx_word' id='word_1_16' title='bbox 302 452 425 526; x_wconf 80' lang='lat' dir='ltr'>legitur,</span> <span class='ocrx_word' id='word_1_17' title='bbox 450 453 493 507; x_wconf 89' lang='lat' dir='ltr'>its</span> <span class='ocrx_word' id='word_1_18' title='bbox 512 460 545 507; x_wconf 90' lang='lat' dir='ltr'>nt</span> <span class='ocrx_word' id='word_1_19' title='bbox 560 459 703 524; x_wconf 79' lang='lat' dir='ltr'><strong>appareat</strong></span> <span class='ocrx_word' id='word_1_20' title='bbox 719 449 916 525; x_wconf 78' lang='lat' dir='ltr'>quadragints</span> <span class='ocrx_word' id='word_1_21' title='bbox 932 459 994 509; x_wconf 85' lang='lat' dir='ltr'>tres</span> <span class='ocrx_word' id='word_1_22' title='bbox 1012 448 1159 506; x_wconf 75' lang='lat' dir='ltr'>excidisse</span> <span class='ocrx_word' id='word_1_23' title='bbox 1175 449 1304 513; x_wconf 78' lang='lat' dir='ltr'>literas,</span> <span class='ocrx_word' id='word_1_24' title='bbox 1331 445 1463 503; x_wconf 80' lang='lat' dir='ltr'>turn-de·</span> 
     </span>
     <span class='ocr_line' id='line_1_4' title="bbox 159 537 1462 621; baseline -0.007 -18"><span class='ocrx_word' id='word_1_25' title='bbox 159 557 205 604; x_wconf 85' lang='lat' dir='ltr'>est</span> <span class='ocrx_word' id='word_1_26' title='bbox 221 548 335 621; x_wconf 75' lang='lat' dir='ltr'>integer</span> <span class='ocrx_word' id='word_1_27' title='bbox 352 562 480 621; x_wconf 81' lang='lat' dir='ltr'>sequens</span> <span class='ocrx_word' id='word_1_28' title='bbox 498 561 621 610; x_wconf 84' lang='lat' dir='ltr'>versus,</span> <span class='ocrx_word' id='word_1_29' title='bbox 651 544 703 618; x_wconf 88' lang='lat' dir='ltr'>qui</span> <span class='ocrx_word' id='word_1_30' title='bbox 727 541 899 599; x_wconf 84' lang='lat' dir='ltr'>continebat</span> <span class='ocrx_word' id='word_1_31' title='bbox 921 543 1004 599; x_wconf 85' lang='lat' dir='ltr'>eirca</span> <span class='ocrx_word' id='word_1_32' title='bbox 1027 542 1391 617; x_wconf 84' lang='lat' dir='ltr'>qninquaginta.septem</span> <span class='ocrx_word' id='word_1_33' title='bbox 1405 537 1462 595; x_wconf 83' lang='lat' dir='ltr'>lite·</span> 
     </span>
     <span class='ocr_line' id='line_1_5' title="bbox 158 633 1459 711; baseline -0.008 -12"><span class='ocrx_word' id='word_1_34' title='bbox 158 656 232 703; x_wconf 67' lang='grc' dir='ltr'>ταις</span> <span class='ocrx_word' id='word_1_35' title='bbox 260 639 291 696; x_wconf 88' lang='lat' dir='ltr'>in</span> <span class='ocrx_word' id='word_1_36' title='bbox 308 637 343 694; x_wconf 80' lang='grc' dir='ltr'>Ε.</span> <span class='ocrx_word' id='word_1_37' title='bbox 361 654 489 695; x_wconf 83' lang='lat' dir='ltr'>vacuum</span> <span class='ocrx_word' id='word_1_38' title='bbox 507 637 635 711; x_wconf 84' lang='lat' dir='ltr'>spatium</span> <span class='ocrx_word' id='word_1_39' title='bbox 652 638 744 692; x_wconf 87' lang='lat' dir='ltr'>trium</span> <span class='ocrx_word' id='word_1_40' title='bbox 764 655 935 703; x_wconf 85' lang='lat' dir='ltr'>versuum,¹</span> <span class='ocrx_word' id='word_1_41' title='bbox 948 653 1074 710; x_wconf 86' lang='lat' dir='ltr'>quornm</span> <span class='ocrx_word' id='word_1_42' title='bbox 1089 636 1216 711; x_wconf 81' lang='lat' dir='ltr'>quisque</span> <span class='ocrx_word' id='word_1_43' title='bbox 1233 635 1324 691; x_wconf 83' lang='lat' dir='ltr'>circs</span> <span class='ocrx_word' id='word_1_44' title='bbox 1343 633 1459 708; x_wconf 77' lang='lat' dir='ltr'>triginta</span> 
     </span>
     <span class='ocr_line' id='line_1_6' title="bbox 162 725 1459 806; baseline -0.005 -19"><span class='ocrx_word' id='word_1_45' title='bbox 162 739 289 806; x_wconf 84' lang='lat' dir='ltr'>quatuor</span> <span class='ocrx_word' id='word_1_46' title='bbox 304 728 407 787; x_wconf 78' lang='lat' dir='ltr'>literas</span> <span class='ocrx_word' id='word_1_47' title='bbox 425 726 617 796; x_wconf 79' lang='lat' dir='ltr'>continebat,</span> <span class='ocrx_word' id='word_1_48' title='bbox 645 730 686 785; x_wconf 83' lang='lat' dir='ltr'>ita</span> <span class='ocrx_word' id='word_1_49' title='bbox 703 738 803 785; x_wconf 85' lang='lat' dir='ltr'>tamen</span> <span class='ocrx_word' id='word_1_50' title='bbox 819 739 852 785; x_wconf 90' lang='lat' dir='ltr'>nt</span> <span class='ocrx_word' id='word_1_51' title='bbox 869 729 901 786; x_wconf 91' lang='lat' dir='ltr'>in</span> <span class='ocrx_word' id='word_1_52' title='bbox 917 730 1015 802; x_wconf 87' lang='lat' dir='ltr'>primo</span> <span class='ocrx_word' id='word_1_53' title='bbox 1032 738 1131 783; x_wconf 88' lang='lat' dir='ltr'>exstet</span> <span class='ocrx_word' id='word_1_54' title='bbox 1153 726 1196 791; x_wconf 71' lang='grc' dir='ltr'>ὃς.</span> <span class='ocrx_word' id='word_1_55' title='bbox 1230 725 1388 800; x_wconf 82' lang='lat' dir='ltr'>Ejusdem</span> <span class='ocrx_word' id='word_1_56' title='bbox 1409 725 1459 781; x_wconf 79' lang='lat' dir='ltr'>lere</span> 
     </span>
     <span class='ocr_line' id='line_1_7' title="bbox 161 818 1460 896; baseline -0.007 -15"><span class='ocrx_word' id='word_1_57' title='bbox 161 821 290 881; x_wconf 71' lang='lat' dir='ltr'>ambitus</span> <span class='ocrx_word' id='word_1_58' title='bbox 316 833 363 882; x_wconf 88' lang='lat' dir='ltr'>est</span> <span class='ocrx_word' id='word_1_59' title='bbox 385 822 492 879; x_wconf 85' lang='lat' dir='ltr'>lacuna</span> <span class='ocrx_word' id='word_1_60' title='bbox 514 824 547 882; x_wconf 89' lang='lat' dir='ltr'>in</span> <span class='ocrx_word' id='word_1_61' title='bbox 566 822 635 880; x_wconf 85' lang='lat' dir='ltr'>Ald.</span> <span class='ocrx_word' id='word_1_62' title='bbox 663 822 716 879; x_wconf 89' lang='lat' dir='ltr'>sed</span> <span class='ocrx_word' id='word_1_63' title='bbox 733 825 765 879; x_wconf 90' lang='lat' dir='ltr'>in</span> <span class='ocrx_word' id='word_1_64' title='bbox 782 822 852 882; x_wconf 86' lang='lat' dir='ltr'>Bas.</span> <span class='ocrx_word' id='word_1_65' title='bbox 879 832 909 878; x_wconf 90' lang='lat' dir='ltr'>et</span> <span class='ocrx_word' id='word_1_66' title='bbox 924 822 1031 896; x_wconf 82' lang='lat' dir='ltr'>reliqq.</span> <span class='ocrx_word' id='word_1_67' title='bbox 1050 821 1120 878; x_wconf 88' lang='lat' dir='ltr'>edit.</span> <span class='ocrx_word' id='word_1_68' title='bbox 1139 840 1200 878; x_wconf 92' lang='lat' dir='ltr'>non</span> <span class='ocrx_word' id='word_1_69' title='bbox 1218 821 1281 877; x_wconf 88' lang='lat' dir='ltr'>nisi</span> <span class='ocrx_word' id='word_1_70' title='bbox 1300 818 1460 887; x_wconf 79' lang='lat' dir='ltr'>asteriseas</span> 
     </span>
     <span class='ocr_line' id='line_1_8' title="bbox 161 911 1461 991; baseline -0.006 -16"><span class='ocrx_word' id='word_1_71' title='bbox 161 935 239 975; x_wconf 88' lang='lat' dir='ltr'>onus</span> <span class='ocrx_word' id='word_1_72' title='bbox 255 917 392 975; x_wconf 73' lang='lat' dir='ltr'>lacunam</span> <span class='ocrx_word' id='word_1_73' title='bbox 405 916 526 975; x_wconf 85' lang='lat' dir='ltr'>indicat.</span> <span class='ocrx_word' id='word_1_74' title='bbox 562 915 666 991; x_wconf 87' lang='lat' dir='ltr'>ltaque</span> <span class='ocrx_word' id='word_1_75' title='bbox 684 913 811 972; x_wconf 85' lang='lat' dir='ltr'>dubitari</span> <span class='ocrx_word' id='word_1_76' title='bbox 829 934 891 975; x_wconf 92' lang='lat' dir='ltr'>non</span> <span class='ocrx_word' id='word_1_77' title='bbox 907 917 1034 989; x_wconf 87' lang='lat' dir='ltr'>poterit,</span> <span class='ocrx_word' id='word_1_78' title='bbox 1052 916 1125 990; x_wconf 86' lang='lat' dir='ltr'>quin</span> <span class='ocrx_word' id='word_1_79' title='bbox 1140 913 1313 970; x_wconf 80' lang='lat' dir='ltr'>exciderint</span> <span class='ocrx_word' id='word_1_80' title='bbox 1327 911 1461 985; x_wconf 71' lang='lat' dir='ltr'>Sapphus</span> 
     </span>
     <span class='ocr_line' id='line_1_9' title="bbox 163 1004 1460 1086; baseline -0.007 -18"><span class='ocrx_word' id='word_1_81' title='bbox 163 1030 289 1078; x_wconf 83' lang='lat' dir='ltr'>versus,</span> <span class='ocrx_word' id='word_1_82' title='bbox 316 1023 347 1066; x_wconf 86' lang='lat' dir='ltr'>et</span> <span class='ocrx_word' id='word_1_83' title='bbox 366 1012 508 1069; x_wconf 85' lang='lat' dir='ltr'>csrtninis</span> <span class='ocrx_word' id='word_1_84' title='bbox 525 1010 650 1067; x_wconf 88' lang='lat' dir='ltr'>illustris</span> <span class='ocrx_word' id='word_1_85' title='bbox 667 1011 747 1067; x_wconf 82' lang='lat' dir='ltr'>illins</span> <span class='ocrx_word' id='word_1_86' title='bbox 765 1013 900 1086; x_wconf 82' lang='lat' dir='ltr'>poetriae</span> <span class='ocrx_word' id='word_1_87' title='bbox 920 1008 1109 1067; x_wconf 80' lang='lat' dir='ltr'>difficultates</span> <span class='ocrx_word' id='word_1_88' title='bbox 1132 1009 1368 1080; x_wconf 79' lang='lat' dir='ltr'>formarumque</span> <span class='ocrx_word' id='word_1_89' title='bbox 1389 1004 1460 1061; x_wconf 79' lang='lat' dir='ltr'>iuro·</span> 
     </span>
     <span class='ocr_line' id='line_1_10' title="bbox 162 1098 1461 1182; baseline -0.004 -22"><span class='ocrx_word' id='word_1_90' title='bbox 162 1104 445 1174; x_wconf 61' lang='lat' dir='ltr'>renuntiaverint,</span> <span class='ocrx_word' id='word_1_91' title='bbox 474 1115 508 1161; x_wconf 90' lang='lat' dir='ltr'>ut</span> <span class='ocrx_word' id='word_1_92' title='bbox 533 1102 649 1161; x_wconf 87' lang='lat' dir='ltr'>scribae</span> <span class='ocrx_word' id='word_1_93' title='bbox 675 1106 849 1161; x_wconf 86' lang='lat' dir='ltr'>omitterent</span> <span class='ocrx_word' id='word_1_94' title='bbox 873 1122 927 1170; x_wconf 85' lang='lat' dir='ltr'>ea,</span> <span class='ocrx_word' id='word_1_95' title='bbox 959 1121 1033 1180; x_wconf 72' lang='lat' dir='ltr'>quae</span> <span class='ocrx_word' id='word_1_96' title='bbox 1056 1121 1117 1159; x_wconf 89' lang='lat' dir='ltr'>non</span> <span class='ocrx_word' id='word_1_97' title='bbox 1145 1100 1371 1174; x_wconf 77' lang='lat' dir='ltr'>intelligerent.</span> <span class='ocrx_word' id='word_1_98' title='bbox 1405 1098 1461 1182; x_wconf 80' lang='lat' dir='ltr'>lap</span> 
     </span>
     <span class='ocr_line' id='line_1_11' title="bbox 164 1192 1462 1274; baseline -0.005 -19"><span class='ocrx_word' id='word_1_99' title='bbox 164 1202 222 1256; x_wconf 88' lang='lat' dir='ltr'>etsi</span> <span class='ocrx_word' id='word_1_100' title='bbox 248 1199 405 1265; x_wconf 86' lang='lat' dir='ltr'>damnum,</span> <span class='ocrx_word' id='word_1_101' title='bbox 441 1198 520 1274; x_wconf 88' lang='lat' dir='ltr'>quod</span> <span class='ocrx_word' id='word_1_102' title='bbox 546 1198 690 1264; x_wconf 85' lang='lat' dir='ltr'>lecimus,</span> <span class='ocrx_word' id='word_1_103' title='bbox 724 1198 810 1254; x_wconf 80' lang='lat' dir='ltr'>facile</span> <span class='ocrx_word' id='word_1_104' title='bbox 842 1208 944 1272; x_wconf 85' lang='lat' dir='ltr'>potest</span> <span class='ocrx_word' id='word_1_105' title='bbox 968 1197 1109 1253; x_wconf 84' lang='lat' dir='ltr'>resarciri</span> <span class='ocrx_word' id='word_1_106' title='bbox 1143 1214 1180 1250; x_wconf 86' lang='lat' dir='ltr'>ex</span> <span class='ocrx_word' id='word_1_107' title='bbox 1207 1193 1277 1249; x_wconf 85' lang='lat' dir='ltr'>aliis</span> <span class='ocrx_word' id='word_1_108' title='bbox 1313 1192 1462 1248; x_wconf 80' lang='lat' dir='ltr'>Plutarchi</span> 
     </span>
     <span class='ocr_line' id='line_1_12' title="bbox 163 1287 1462 1368; baseline -0.006 -18"><span class='ocrx_word' id='word_1_109' title='bbox 163 1294 258 1368; x_wconf 88' lang='lat' dir='ltr'>ipsius</span> <span class='ocrx_word' id='word_1_110' title='bbox 279 1303 309 1347; x_wconf 90' lang='lat' dir='ltr'>et</span> <span class='ocrx_word' id='word_1_111' title='bbox 326 1294 526 1367; x_wconf 86' lang='lat' dir='ltr'>scriptorum,</span> <span class='ocrx_word' id='word_1_112' title='bbox 553 1294 605 1368; x_wconf 87' lang='lat' dir='ltr'>qui</span> <span class='ocrx_word' id='word_1_113' title='bbox 623 1293 775 1368; x_wconf 78' lang='lat' dir='ltr'>longiores</span> <span class='ocrx_word' id='word_1_114' title='bbox 792 1291 1005 1367; x_wconf 82' lang='lat' dir='ltr'>brevioresque</span> <span class='ocrx_word' id='word_1_115' title='bbox 1038 1291 1179 1347; x_wconf 80' lang='lat' dir='ltr'>carminis</span> <span class='ocrx_word' id='word_1_116' title='bbox 1205 1287 1357 1361; x_wconf 79' lang='lat' dir='ltr'>Sapphus</span> <span class='ocrx_word' id='word_1_117' title='bbox 1379 1289 1462 1360; x_wconf 83' lang='lat' dir='ltr'>porti·</span> 
     </span>
     <span class='ocr_line' id='line_1_13' title="bbox 164 1362 1464 1455; baseline -0.009 -13"><span class='ocrx_word' id='word_1_118' title='bbox 164 1385 246 1442; x_wconf 88' lang='lat' dir='ltr'>enlas</span> <span class='ocrx_word' id='word_1_119' title='bbox 267 1395 538 1452; x_wconf 83' lang='lat' dir='ltr'>conservaverunt,</span> <span class='ocrx_word' id='word_1_120' title='bbox 565 1385 658 1448; x_wconf 81' lang='lat' dir='ltr'>loeis.</span> <span class='ocrx_word' id='word_1_121' title='bbox 685 1396 783 1442; x_wconf 85' lang='lat' dir='ltr'>tamen</span> <span class='ocrx_word' id='word_1_122' title='bbox 801 1386 883 1441; x_wconf 84' lang='lat' dir='ltr'>uolui</span> <span class='ocrx_word' id='word_1_123' title='bbox 906 1387 938 1441; x_wconf 91' lang='lat' dir='ltr'>in</span> <span class='ocrx_word' id='word_1_124' title='bbox 956 1395 1040 1441; x_wconf 85' lang='lat' dir='ltr'>textu</span> <span class='ocrx_word' id='word_1_125' title='bbox 1056 1362 1193 1439; x_wconf 76' lang='lat' dir='ltr'>lacunam</span> <span class='ocrx_word' id='word_1_126' title='bbox 1209 1380 1373 1455; x_wconf 83' lang='lat' dir='ltr'>expletam</span> <span class='ocrx_word' id='word_1_127' title='bbox 1390 1381 1464 1436; x_wconf 82' lang='lat' dir='ltr'>exhi.</span> 
     </span>
     <span class='ocr_line' id='line_1_14' title="bbox 162 1474 1464 1553; baseline -0.005 -19"><span class='ocrx_word' id='word_1_128' title='bbox 162 1475 252 1543; x_wconf 83' lang='lat' dir='ltr'>here,</span> <span class='ocrx_word' id='word_1_129' title='bbox 271 1495 360 1550; x_wconf 88' lang='lat' dir='ltr'>quum</span> <span class='ocrx_word' id='word_1_130' title='bbox 379 1479 563 1544; x_wconf 80' lang='lat' dir='ltr'>nesciamus,</span> <span class='ocrx_word' id='word_1_131' title='bbox 582 1487 725 1553; x_wconf 81' lang='lat' dir='ltr'>qnantum</span> <span class='ocrx_word' id='word_1_132' title='bbox 742 1480 806 1551; x_wconf 84' lang='lat' dir='ltr'>ejus</span> <span class='ocrx_word' id='word_1_133' title='bbox 823 1480 964 1534; x_wconf 83' lang='lat' dir='ltr'>carminis</span> <span class='ocrx_word' id='word_1_134' title='bbox 981 1477 1161 1553; x_wconf 88' lang='lat' dir='ltr'>Daphuseus</span> <span class='ocrx_word' id='word_1_135' title='bbox 1175 1474 1313 1531; x_wconf 85' lang='lat' dir='ltr'>voluerit</span> <span class='ocrx_word' id='word_1_136' title='bbox 1330 1475 1464 1529; x_wconf 78' lang='lat' dir='ltr'>recitare.</span> 
     </span>
     <span class='ocr_line' id='line_1_15' title="bbox 163 1566 1465 1645; baseline 0 -18"><span class='ocrx_word' id='word_1_137' title='bbox 163 1568 223 1627; x_wconf 81' lang='lat' dir='ltr'>Sed</span> <span class='ocrx_word' id='word_1_138' title='bbox 234 1566 387 1643; x_wconf 84' lang='lat' dir='ltr'>probabile</span> <span class='ocrx_word' id='word_1_139' title='bbox 404 1580 468 1636; x_wconf 87' lang='lat' dir='ltr'>est,</span> <span class='ocrx_word' id='word_1_140' title='bbox 485 1571 559 1626; x_wconf 84' lang='lat' dir='ltr'>haec</span> <span class='ocrx_word' id='word_1_141' title='bbox 576 1571 608 1625; x_wconf 89' lang='lat' dir='ltr'>in</span> <span class='ocrx_word' id='word_1_142' title='bbox 625 1568 839 1644; x_wconf 81' lang='lat' dir='ltr'>integrioribus</span> <span class='ocrx_word' id='word_1_143' title='bbox 856 1569 1074 1645; x_wconf 84' lang='lat' dir='ltr'>exemplaribus</span> <span class='ocrx_word' id='word_1_144' title='bbox 1086 1569 1239 1626; x_wconf 80' lang='lat' dir='ltr'>Plutarchi</span> <span class='ocrx_word' id='word_1_145' title='bbox 1256 1567 1352 1625; x_wconf 79' lang='lat' dir='ltr'>leetn&#39;</span> <span class='ocrx_word' id='word_1_146' title='bbox 1363 1568 1465 1628; x_wconf 76' lang='lat' dir='ltr'>fuisset</span> 
     </span>
    </p>
   </div>
   <div class='ocr_carea' id='block_1_3' title="bbox 431 1682 1513 2594">
    <p class='ocr_par' dir='ltr' id='par_1_3' title="bbox 433 1682 1004 1762">
     <span class='ocr_line' id='line_1_16' title="bbox 433 1682 1004 1762; baseline -0.004 -20"><span class='ocrx_word' id='word_1_147' title='bbox 433 1685 467 1749; x_wconf 72' lang='grc' dir='ltr'>ὅς</span> <span class='ocrx_word' id='word_1_148' title='bbox 484 1690 543 1756; x_wconf 78' lang='grc' dir='ltr'><strong>[τε]</strong></span> <span class='ocrx_word' id='word_1_149' title='bbox 560 1685 610 1759; x_wconf 73' lang='grc' dir='ltr'>γάρ</span> <span class='ocrx_word' id='word_1_150' title='bbox 627 1682 650 1742; x_wconf 82' lang='lat' dir='ltr'>o’</span> <span class='ocrx_word' id='word_1_151' title='bbox 668 1691 729 1755; x_wconf 74' lang='grc' dir='ltr'>ἴδω,</span> <span class='ocrx_word' id='word_1_152' title='bbox 744 1695 854 1762; x_wconf 72' lang='grc' dir='ltr'>βροχέυς</span> <span class='ocrx_word' id='word_1_153' title='bbox 869 1712 900 1759; x_wconf 78' lang='grc' dir='ltr'>με</span> <span class='ocrx_word' id='word_1_154' title='bbox 918 1689 1004 1760; x_wconf 74' lang='grc' dir='ltr'><em>φωνᾶς</em></span> 
     </span>
    </p>

    <p class='ocr_par' dir='ltr' id='par_1_4' title="bbox 434 1776 632 1838">
     <span class='ocr_line' id='line_1_17' title="bbox 434 1776 632 1838; baseline 0.025 -4"><span class='ocrx_word' id='word_1_155' title='bbox 434 1777 508 1835; x_wconf 73' lang='grc' dir='ltr'><em>οὐδὲν</em></span> <span class='ocrx_word' id='word_1_156' title='bbox 525 1776 558 1834; x_wconf 75' lang='lat' dir='ltr'>lr&#39;</span> <span class='ocrx_word' id='word_1_157' title='bbox 575 1787 632 1838; x_wconf 68' lang='lat' dir='ltr'>tart.</span> 
     </span>
    </p>

    <p class='ocr_par' dir='ltr' id='par_1_5' title="bbox 431 1867 1003 1944">
     <span class='ocr_line' id='line_1_18' title="bbox 431 1867 1003 1944; baseline -0.002 -16"><span class='ocrx_word' id='word_1_158' title='bbox 431 1867 507 1928; x_wconf 75' lang='lat' dir='ltr'>’Alld</span> <span class='ocrx_word' id='word_1_159' title='bbox 527 1870 580 1944; x_wconf 73' lang='grc' dir='ltr'>κὰμ</span> <span class='ocrx_word' id='word_1_160' title='bbox 598 1879 643 1943; x_wconf 68' lang='grc' dir='ltr'>μὲν</span> <span class='ocrx_word' id='word_1_161' title='bbox 659 1872 760 1943; x_wconf 63' lang='grc' dir='ltr'><strong><em>γλῶσσα</em></strong></span> <span class='ocrx_word' id='word_1_162' title='bbox 776 1877 850 1942; x_wconf 71' lang='lat' dir='ltr'>loys,</span> <span class='ocrx_word' id='word_1_163' title='bbox 868 1871 957 1928; x_wconf 75' lang='grc' dir='ltr'>λεπτὸν</span> <span class='ocrx_word' id='word_1_164' title='bbox 974 1870 1003 1927; x_wconf 73' lang='grc' dir='ltr'>δ’</span> 
     </span>
    </p>

    <p class='ocr_par' dir='ltr' id='par_1_6' title="bbox 434 1959 891 2038">
     <span class='ocr_line' id='line_1_19' title="bbox 434 1959 891 2038; baseline -0.007 -18"><span class='ocrx_word' id='word_1_165' title='bbox 434 1959 525 2020; x_wconf 60' lang='lat' dir='ltr'>altha</span> <span class='ocrx_word' id='word_1_166' title='bbox 538 1966 592 2038; x_wconf 79' lang='grc' dir='ltr'>χρῶ</span> <span class='ocrx_word' id='word_1_167' title='bbox 609 1965 660 2037; x_wconf 78' lang='grc' dir='ltr'>πῦρ</span> <span class='ocrx_word' id='word_1_168' title='bbox 679 1961 891 2038; x_wconf 72' lang='grc' dir='ltr'>ὖποδεδρὸμακεν,</span> 
     </span>
    </p>

    <p class='ocr_par' dir='ltr' id='par_1_7' title="bbox 436 2052 965 2131">
     <span class='ocr_line' id='line_1_20' title="bbox 436 2052 965 2131; baseline -0.002 -19"><span class='ocrx_word' id='word_1_169' title='bbox 436 2053 576 2114; x_wconf 74' lang='grc' dir='ltr'>ὄππὰτεσοι</span> <span class='ocrx_word' id='word_1_170' title='bbox 592 2053 620 2112; x_wconf 84' lang='lat' dir='ltr'>t’</span> <span class='ocrx_word' id='word_1_171' title='bbox 638 2052 713 2113; x_wconf 74' lang='lat' dir='ltr'>otidis</span> <span class='ocrx_word' id='word_1_172' title='bbox 728 2054 818 2131; x_wconf 72' lang='lat' dir='ltr'>o&#39;ppp&#39;,</span> <span class='ocrx_word' id='word_1_173' title='bbox 836 2055 965 2131; x_wconf 66' lang='lat' dir='ltr'>lrtdp&#39;ip-</span> 
     </span>
    </p>

    <p class='ocr_par' dir='ltr' id='par_1_8' title="bbox 434 2147 670 2221">
     <span class='ocr_line' id='line_1_21' title="bbox 434 2147 670 2221; baseline 0.004 -15"><span class='ocrx_word' id='word_1_174' title='bbox 434 2158 500 2221; x_wconf 66' lang='lat' dir='ltr'>fletos</span> <span class='ocrx_word' id='word_1_175' title='bbox 517 2147 549 2205; x_wconf 82' lang='lat' dir='ltr'>d&#39;</span> <span class='ocrx_word' id='word_1_176' title='bbox 567 2147 670 2208; x_wconf 73' lang='lat' dir='ltr'>dmvat.</span> 
     </span>
    </p>

    <p class='ocr_par' dir='ltr' id='par_1_9' title="bbox 434 2239 1026 2318">
     <span class='ocr_line' id='line_1_22' title="bbox 434 2239 1026 2318; baseline 0.005 -19"><span class='ocrx_word' id='word_1_177' title='bbox 434 2241 499 2299; x_wconf 79' lang='lat' dir='ltr'>Kdd</span> <span class='ocrx_word' id='word_1_178' title='bbox 514 2239 543 2298; x_wconf 65' lang='grc' dir='ltr'>δ’</span> <span class='ocrx_word' id='word_1_179' title='bbox 560 2241 636 2316; x_wconf 73' lang='grc' dir='ltr'><strong><em>ἱδρὼς</em></strong></span> <span class='ocrx_word' id='word_1_180' title='bbox 655 2244 754 2315; x_wconf 76' lang='grc' dir='ltr'><strong><em>ψυχρὸς</em></strong></span> <span class='ocrx_word' id='word_1_181' title='bbox 767 2250 867 2311; x_wconf 60' lang='lat' dir='ltr'>rinos,</span> <span class='ocrx_word' id='word_1_182' title='bbox 885 2242 981 2318; x_wconf 79' lang='grc' dir='ltr'><strong><em>τρόμος</em></strong></span> <span class='ocrx_word' id='word_1_183' title='bbox 999 2249 1026 2302; x_wconf 77' lang='grc' dir='ltr'>δὲ</span> 
     </span>
    </p>

    <p class='ocr_par' dir='ltr' id='par_1_10' title="bbox 436 2333 924 2410">
     <span class='ocr_line' id='line_1_23' title="bbox 436 2333 924 2410; baseline 0.004 -20"><span class='ocrx_word' id='word_1_184' title='bbox 436 2337 522 2393; x_wconf 68' lang='grc' dir='ltr'><strong><em>πᾶσαν</em></strong></span> <span class='ocrx_word' id='word_1_185' title='bbox 538 2333 625 2410; x_wconf 70' lang='grc' dir='ltr'>ἀγρεῖ,</span> <span class='ocrx_word' id='word_1_186' title='bbox 639 2342 785 2410; x_wconf 69' lang='grc' dir='ltr'><strong><em>χλωροτέρα</em></strong></span> <span class='ocrx_word' id='word_1_187' title='bbox 805 2341 833 2392; x_wconf 78' lang='lat' dir='ltr'>dl</span> <span class='ocrx_word' id='word_1_188' title='bbox 848 2344 924 2401; x_wconf 78' lang='grc' dir='ltr'><strong><em>ποίας</em></strong></span> 
     </span>
    </p>

    <p class='ocr_par' dir='ltr' id='par_1_11' title="bbox 434 2426 940 2502">
     <span class='ocr_line' id='line_1_24' title="bbox 434 2426 940 2502; baseline 0.004 -17"><span class='ocrx_word' id='word_1_189' title='bbox 434 2434 510 2502; x_wconf 67' lang='grc' dir='ltr'>ἐμμὶ,</span> <span class='ocrx_word' id='word_1_190' title='bbox 527 2426 657 2498; x_wconf 65' lang='lat' dir='ltr'>seorim</span> <span class='ocrx_word' id='word_1_191' title='bbox 673 2426 701 2484; x_wconf 73' lang='grc' dir='ltr'>δ’</span> <span class='ocrx_word' id='word_1_192' title='bbox 720 2427 796 2501; x_wconf 70' lang='lat' dir='ltr'>httyo</span> <span class='ocrx_word' id='word_1_193' title='bbox 813 2434 940 2502; x_wconf 68' lang='lat' dir='ltr'>lutdevrip</span> 
     </span>
    </p>

    <p class='ocr_par' dir='ltr' id='par_1_12' title="bbox 437 2460 1513 2594">
     <span class='ocr_line' id='line_1_25' title="bbox 437 2460 1513 2594; baseline 0.002 -18"><span class='ocrx_word' id='word_1_194' title='bbox 437 2528 572 2594; x_wconf 78' lang='grc' dir='ltr'><strong><em>φαίνομαι.</em></strong></span> <span class='ocrx_word' id='word_1_195' title='bbox 1509 2460 1513 2583; x_wconf 73' lang='lat' dir='ltr'>l</span> 
     </span>
    </p>
   </div>
   <div class='ocr_carea' id='block_1_4' title="bbox 169 2586 1513 2809">
    <p class='ocr_par' dir='ltr' id='par_1_13' title="bbox 169 2586 1513 2809">
     <span class='ocr_line' id='line_1_26' title="bbox 169 2586 1513 2753; baseline 0.015 -60"><span class='ocrx_word' id='word_1_196' title='bbox 169 2638 236 2696; x_wconf 91' lang='lat' dir='ltr'>coll.</span> <span class='ocrx_word' id='word_1_197' title='bbox 255 2639 332 2698; x_wconf 87' lang='lat' dir='ltr'>Plnt.</span> <span class='ocrx_word' id='word_1_198' title='bbox 351 2637 386 2696; x_wconf 87' lang='lat' dir='ltr'>de</span> <span class='ocrx_word' id='word_1_199' title='bbox 404 2649 481 2696; x_wconf 88' lang='lat' dir='ltr'>sent.</span> <span class='ocrx_word' id='word_1_200' title='bbox 502 2640 580 2714; x_wconf 86' lang='lat' dir='ltr'>prol.</span> <span class='ocrx_word' id='word_1_201' title='bbox 599 2640 631 2696; x_wconf 91' lang='lat' dir='ltr'>in</span> <span class='ocrx_word' id='word_1_202' title='bbox 647 2640 716 2697; x_wconf 81' lang='lat' dir='ltr'>virt.</span> <span class='ocrx_word' id='word_1_203' title='bbox 735 2659 765 2713; x_wconf 92' lang='lat' dir='ltr'>p.</span> <span class='ocrx_word' id='word_1_204' title='bbox 783 2644 816 2697; x_wconf 90' lang='lat' dir='ltr'>st</span> <span class='ocrx_word' id='word_1_205' title='bbox 835 2640 875 2701; x_wconf 88' lang='lat' dir='ltr'>D.</span> <span class='ocrx_word' id='word_1_206' title='bbox 895 2643 946 2699; x_wconf 83' lang='lat' dir='ltr'>vit.</span> <span class='ocrx_word' id='word_1_207' title='bbox 960 2642 1089 2705; x_wconf 85' lang='lat' dir='ltr'>Demetr.</span> <span class='ocrx_word' id='word_1_208' title='bbox 1108 2666 1140 2722; x_wconf 90' lang='lat' dir='ltr'>p.</span> <span class='ocrx_word' id='word_1_209' title='bbox 1158 2653 1209 2705; x_wconf 78' lang='grc'>901</span> <span class='ocrx_word' id='word_1_210' title='bbox 1230 2649 1267 2711; x_wconf 86' lang='grc' dir='ltr'>Β.</span> <span class='ocrx_word' id='word_1_211' title='bbox 1295 2650 1382 2710; x_wconf 84' lang='lat' dir='ltr'>Vide</span> <span class='ocrx_word' id='word_1_212' title='bbox 1398 2650 1471 2711; x_wconf 73' lang='lat' dir='ltr'>Neue</span> <span class='ocrx_word' id='word_1_213' title='bbox 1508 2586 1513 2753; x_wconf 53' lang='grc' dir='ltr'>ι</span> 
     </span>
     <span class='ocr_line' id='line_1_27' title="bbox 170 2731 1513 2809; baseline 0.008 -20"><span class='ocrx_word' id='word_1_214' title='bbox 170 2731 308 2807; x_wconf 84' lang='lat' dir='ltr'>Sapphus</span> <span class='ocrx_word' id='word_1_215' title='bbox 327 2733 443 2806; x_wconf 70' lang='lat' dir='ltr'>fragm.</span> <span class='ocrx_word' id='word_1_216' title='bbox 461 2751 491 2808; x_wconf 89' lang='lat' dir='ltr'>p.</span> <span class='ocrx_word' id='word_1_217' title='bbox 510 2739 543 2791; x_wconf 74' lang='lat'>28</span> <span class='ocrx_word' id='word_1_218' title='bbox 560 2751 606 2809; x_wconf 84' lang='lat' dir='ltr'>sq.</span> <span class='ocrx_word' id='word_1_219' title='bbox 1509 2776 1513 2795; x_wconf 72' lang='grc' dir='ltr'>ι</span> 
     </span>
    </p>
   </div>
   <div class='ocr_carea' id='block_1_5' title="bbox 169 2838 1513 3054">
    <p class='ocr_par' dir='ltr' id='par_1_14' title="bbox 169 2838 1513 3054">
     <span class='ocr_line' id='line_1_28' title="bbox 237 2838 1513 2966; baseline 0.013 -28"><span class='ocrx_word' id='word_1_220' title='bbox 237 2901 264 2955; x_wconf 79' lang='lat' dir='ltr'>p.</span> <span class='ocrx_word' id='word_1_221' title='bbox 283 2889 333 2947; x_wconf 74' lang='lat' dir='ltr'>at,</span> <span class='ocrx_word' id='word_1_222' title='bbox 354 2886 396 2941; x_wconf 79' lang='lat' dir='ltr'>tt.</span> <span class='ocrx_word' id='word_1_223' title='bbox 430 2881 529 2949; x_wconf 65' lang='grc' dir='ltr'>ταῦτα,</span> <span class='ocrx_word' id='word_1_224' title='bbox 546 2887 630 2947; x_wconf 80' lang='grc' dir='ltr'>εἶπεν,</span> <span class='ocrx_word' id='word_1_225' title='bbox 649 2879 669 2937; x_wconf 71' lang='grc' dir='ltr'><em>ἆ</em></span> <span class='ocrx_word' id='word_1_226' title='bbox 685 2883 749 2955; x_wconf 78' lang='grc' dir='ltr'>πρὸς</span> <span class='ocrx_word' id='word_1_227' title='bbox 764 2885 811 2940; x_wconf 82' lang='grc' dir='ltr'>τοῦ</span> <span class='ocrx_word' id='word_1_228' title='bbox 833 2885 909 2950; x_wconf 79' lang='grc' dir='ltr'>Διὸς,</span> <span class='ocrx_word' id='word_1_229' title='bbox 933 2891 1083 2956; x_wconf 75' lang='grc' dir='ltr'><strong><em>θεοληψία]</em></strong></span> <span class='ocrx_word' id='word_1_230' title='bbox 1119 2888 1196 2949; x_wconf 77' lang='lat' dir='ltr'>Men.</span> <span class='ocrx_word' id='word_1_231' title='bbox 1215 2897 1343 2966; x_wconf 84' lang='lat' dir='ltr'>optavit</span> <span class='ocrx_word' id='word_1_232' title='bbox 1360 2895 1394 2951; x_wconf 81' lang='lat' dir='ltr'>orl</span> <span class='ocrx_word' id='word_1_233' title='bbox 1413 2906 1473 2953; x_wconf 74' lang='lat' dir='ltr'>Oro·</span> <span class='ocrx_word' id='word_1_234' title='bbox 1510 2838 1513 2925; x_wconf 55' lang='lat' dir='ltr'>l</span> 
     </span>
     <span class='ocr_line' id='line_1_29' title="bbox 169 2972 1513 3054; baseline 0.01 -27"><span class='ocrx_word' id='word_1_235' title='bbox 169 2978 266 3043; x_wconf 66' lang='lat' dir='ltr'>tpptor</span> <span class='ocrx_word' id='word_1_236' title='bbox 282 2976 517 3046; x_wconf 77' lang='lat' dir='ltr'>interroganter,</span> <span class='ocrx_word' id='word_1_237' title='bbox 534 2973 671 3030; x_wconf 79' lang='lat' dir='ltr'>Reistius</span> <span class='ocrx_word' id='word_1_238' title='bbox 696 2973 727 3031; x_wconf 79' lang='grc' dir='ltr'>οὐ</span> <span class='ocrx_word' id='word_1_239' title='bbox 752 2995 808 3050; x_wconf 92' lang='lat' dir='ltr'>pro</span> <span class='ocrx_word' id='word_1_240' title='bbox 832 2975 958 3052; x_wconf 76' lang='lat' dir='ltr'>alidque</span> <span class='ocrx_word' id='word_1_241' title='bbox 979 2977 1072 3035; x_wconf 88' lang='lat' dir='ltr'>edidit</span> <span class='ocrx_word' id='word_1_242' title='bbox 1089 2979 1211 3037; x_wconf 88' lang='lat' dir='ltr'>Hntten.</span> <span class='ocrx_word' id='word_1_243' title='bbox 1235 2995 1271 3039; x_wconf 89' lang='lat' dir='ltr'>ut</span> <span class='ocrx_word' id='word_1_244' title='bbox 1289 2989 1355 3054; x_wconf 88' lang='lat' dir='ltr'>sit,</span> <span class='ocrx_word' id='word_1_245' title='bbox 1387 3007 1474 3044; x_wconf 69' lang='lat' dir='ltr'>rsonae</span> <span class='ocrx_word' id='word_1_246' title='bbox 1511 2972 1513 2993; x_wconf 84' lang='lat'>&#39;</span> 
     </span>
    </p>
   </div>
   <div class='ocr_carea' id='block_1_6' title="bbox 170 3066 1513 3217">
    <p class='ocr_par' dir='ltr' id='par_1_15' title="bbox 170 3066 1513 3217">
     <span class='ocr_line' id='line_1_30' title="bbox 170 3066 1472 3214; baseline 0.013 -95"><span class='ocrx_word' id='word_1_247' title='bbox 170 3066 243 3213; x_wconf 54' lang='lat' dir='ltr'>goede</span> <span class='ocrx_word' id='word_1_248' title='bbox 264 3083 321 3214; x_wconf 54' lang='lat' dir='ltr'>:pil</span> <span class='ocrx_word' id='word_1_249' title='bbox 334 3067 442 3122; x_wconf 78' lang='lat' dir='ltr'>dininn</span> <span class='ocrx_word' id='word_1_250' title='bbox 460 3066 570 3122; x_wconf 83' lang='lat' dir='ltr'>mentis</span> <span class='ocrx_word' id='word_1_251' title='bbox 593 3068 735 3143; x_wconf 81' lang='lat' dir='ltr'>agitatio.</span> <span class='ocrx_word' id='word_1_252' title='bbox 769 3069 857 3127; x_wconf 89' lang='lat' dir='ltr'>Prior</span> <span class='ocrx_word' id='word_1_253' title='bbox 881 3080 980 3126; x_wconf 88' lang='lat' dir='ltr'>tamen</span> <span class='ocrx_word' id='word_1_254' title='bbox 1003 3075 1082 3128; x_wconf 86' lang='lat' dir='ltr'>ratio</span> <span class='ocrx_word' id='word_1_255' title='bbox 1108 3077 1202 3148; x_wconf 81' lang='lat' dir='ltr'>magis</span> <span class='ocrx_word' id='word_1_256' title='bbox 1227 3076 1348 3150; x_wconf 86' lang='lat' dir='ltr'>placet.</span> <span class='ocrx_word' id='word_1_257' title='bbox 1386 3080 1472 3156; x_wconf 85' lang='lat' dir='ltr'>Soph.</span> 
     </span>
     <span class='ocr_line' id='line_1_31' title="bbox 200 3164 1513 3217; baseline 0.013 -4"><span class='ocrx_word' id='word_1_258' title='bbox 200 3176 248 3215; x_wconf 93' lang='lat' dir='ltr'>e.</span> <span class='ocrx_word' id='word_1_259' title='bbox 291 3177 330 3217; x_wconf 92' lang='lat' dir='ltr'>o.</span> <span class='ocrx_word' id='word_1_260' title='bbox 350 3175 395 3215; x_wconf 88' lang='lat' dir='ltr'>vs.</span> <span class='ocrx_word' id='word_1_261' title='bbox 413 3164 475 3217; x_wconf 77' lang='lat'>88⁰.</span> <span class='ocrx_word' id='word_1_262' title='bbox 1511 3165 1513 3186; x_wconf 91' lang='lat'>&#39;</span> 
     </span>
    </p>
   </div>
   <div class='ocr_carea' id='block_1_7' title="bbox 511 3273 845 3353">
    <p class='ocr_par' dir='ltr' id='par_1_16' title="bbox 511 3273 845 3353">
     <span class='ocr_line' id='line_1_32' title="bbox 511 3273 845 3353; baseline 0.015 -22"><span class='ocrx_word' id='word_1_263' title='bbox 511 3273 550 3346; x_wconf 75' lang='grc' dir='ltr'>ἄρ’</span> <span class='ocrx_word' id='word_1_264' title='bbox 568 3273 626 3346; x_wconf 73' lang='grc' dir='ltr'>οὔχ</span> <span class='ocrx_word' id='word_1_265' title='bbox 641 3276 738 3353; x_wconf 72' lang='grc' dir='ltr'><strong><em>ὕβρις</em></strong></span> <span class='ocrx_word' id='word_1_266' title='bbox 752 3279 845 3344; x_wconf 61' lang='grc' dir='ltr'>τάδ’,</span> 
     </span>
    </p>
   </div>
   <div class='ocr_carea' id='block_1_8' title="bbox 83 3384 1473 3696">
    <p class='ocr_par' dir='ltr' id='par_1_17' title="bbox 83 3384 1473 3696">
     <span class='ocr_line' id='line_1_33' title="bbox 168 3384 1472 3506; baseline 0.014 -34"><span class='ocrx_word' id='word_1_267' title='bbox 168 3384 249 3473; x_wconf 82' lang='lat' dir='ltr'>¹Plut.</span> <span class='ocrx_word' id='word_1_268' title='bbox 278 3419 330 3477; x_wconf 84' lang='lat' dir='ltr'>vit.</span> <span class='ocrx_word' id='word_1_269' title='bbox 358 3416 447 3476; x_wconf 71' lang='lat' dir='ltr'>Cast.</span> <span class='ocrx_word' id='word_1_270' title='bbox 472 3436 499 3475; x_wconf 82' lang='lat' dir='ltr'>c.</span> <span class='ocrx_word' id='word_1_271' title='bbox 518 3417 640 3487; x_wconf 80' lang='lat' dir='ltr'>LXIV,</span> <span class='ocrx_word' id='word_1_272' title='bbox 670 3428 694 3480; x_wconf 88' lang='lat' dir='ltr'>l.</span> <span class='ocrx_word' id='word_1_273' title='bbox 735 3417 769 3484; x_wconf 69' lang='grc' dir='ltr'>ὃς</span> <span class='ocrx_word' id='word_1_274' title='bbox 792 3420 866 3490; x_wconf 75' lang='grc' dir='ltr'>οὐχὶ</span> <span class='ocrx_word' id='word_1_275' title='bbox 891 3429 1030 3482; x_wconf 71' lang='grc' dir='ltr'>δουλεία</span> <span class='ocrx_word' id='word_1_276' title='bbox 1057 3429 1163 3484; x_wconf 76' lang='grc' dir='ltr'><strong><em>ταῦτα</em></strong></span> <span class='ocrx_word' id='word_1_277' title='bbox 1188 3437 1234 3485; x_wconf 77' lang='grc' dir='ltr'>καί</span> <span class='ocrx_word' id='word_1_278' title='bbox 1255 3432 1384 3506; x_wconf 70' lang='lat' dir='ltr'>riipmrlc</span> <span class='ocrx_word' id='word_1_279' title='bbox 1402 3445 1472 3493; x_wconf 72' lang='lat' dir='ltr'>lein.</span> 
     </span>
     <span class='ocr_line' id='line_1_34' title="bbox 83 3508 1472 3605; baseline 0.014 -40"><span class='ocrx_word' id='word_1_280' title='bbox 83 3590 87 3596; x_wconf 89' lang='lat'>.</span> <span class='ocrx_word' id='word_1_281' title='bbox 171 3508 401 3567; x_wconf 73' lang='lat' dir='ltr'>Illustraserunt</span> <span class='ocrx_word' id='word_1_282' title='bbox 421 3516 494 3571; x_wconf 76' lang='lat' dir='ltr'>satis</span> <span class='ocrx_word' id='word_1_283' title='bbox 510 3514 568 3570; x_wconf 87' lang='lat' dir='ltr'>hoe</span> <span class='ocrx_word' id='word_1_284' title='bbox 589 3514 710 3572; x_wconf 81' lang='lat' dir='ltr'>dicendi</span> <span class='ocrx_word' id='word_1_285' title='bbox 729 3535 823 3590; x_wconf 76' lang='lat' dir='ltr'>genus</span> <span class='ocrx_word' id='word_1_286' title='bbox 842 3517 970 3578; x_wconf 83' lang='lat' dir='ltr'>Meinek.</span> <span class='ocrx_word' id='word_1_287' title='bbox 989 3520 1026 3576; x_wconf 92' lang='lat' dir='ltr'>ad</span> <span class='ocrx_word' id='word_1_288' title='bbox 1046 3520 1185 3581; x_wconf 85' lang='lat' dir='ltr'>Menand.</span> <span class='ocrx_word' id='word_1_289' title='bbox 1203 3541 1232 3596; x_wconf 93' lang='lat' dir='ltr'>p.</span> <span class='ocrx_word' id='word_1_290' title='bbox 1253 3531 1320 3587; x_wconf 73' lang='lat' dir='ltr'>tto.</span> <span class='ocrx_word' id='word_1_291' title='bbox 1359 3526 1472 3605; x_wconf 80' lang='lat' dir='ltr'>Ptlngt.</span> 
     </span>
     <span class='ocr_line' id='line_1_35' title="bbox 173 3602 1473 3696; baseline 0.016 -39"><span class='ocrx_word' id='word_1_292' title='bbox 173 3602 209 3658; x_wconf 87' lang='lat' dir='ltr'>ad</span> <span class='ocrx_word' id='word_1_293' title='bbox 229 3603 301 3661; x_wconf 83' lang='lat' dir='ltr'>Eur.</span> <span class='ocrx_word' id='word_1_294' title='bbox 319 3605 464 3665; x_wconf 86' lang='lat' dir='ltr'>Androm.</span> <span class='ocrx_word' id='word_1_295' title='bbox 489 3624 535 3668; x_wconf 85' lang='lat' dir='ltr'>vs.</span> <span class='ocrx_word' id='word_1_296' title='bbox 555 3614 614 3666; x_wconf 77' lang='grc'>168.</span> <span class='ocrx_word' id='word_1_297' title='bbox 648 3607 759 3683; x_wconf 84' lang='lat' dir='ltr'>Reisig.</span> <span class='ocrx_word' id='word_1_298' title='bbox 784 3610 947 3670; x_wconf 86' lang='lat' dir='ltr'>Comment.</span> <span class='ocrx_word' id='word_1_299' title='bbox 972 3612 1046 3673; x_wconf 88' lang='lat' dir='ltr'>Crit.</span> <span class='ocrx_word' id='word_1_300' title='bbox 1071 3616 1109 3671; x_wconf 87' lang='lat' dir='ltr'>ad</span> <span class='ocrx_word' id='word_1_301' title='bbox 1130 3613 1222 3688; x_wconf 92' lang='lat' dir='ltr'>Soph.</span> <span class='ocrx_word' id='word_1_302' title='bbox 1246 3615 1330 3675; x_wconf 86' lang='lat' dir='ltr'>Oed.</span> <span class='ocrx_word' id='word_1_303' title='bbox 1357 3622 1426 3684; x_wconf 81' lang='lat' dir='ltr'>Col.</span> <span class='ocrx_word' id='word_1_304' title='bbox 1447 3642 1473 3696; x_wconf 91' lang='lat' dir='ltr'>p.</span> 
     </span>
    </p>
   </div>
   <div class='ocr_carea' id='block_1_9' title="bbox 172 3697 1477 3868">
    <p class='ocr_par' dir='ltr' id='par_1_18' title="bbox 172 3697 1477 3868">
     <span class='ocr_line' id='line_1_36' title="bbox 172 3697 1477 3844; baseline 0.014 -91"><span class='ocrx_word' id='word_1_305' title='bbox 172 3702 235 3843; x_wconf 55' lang='lat' dir='ltr'>psit.</span> <span class='ocrx_word' id='word_1_306' title='bbox 262 3697 397 3844; x_wconf 78' lang='lat' dir='ltr'>llii-iiger.</span> <span class='ocrx_word' id='word_1_307' title='bbox 417 3698 455 3754; x_wconf 83' lang='lat' dir='ltr'>ad</span> <span class='ocrx_word' id='word_1_308' title='bbox 472 3698 598 3773; x_wconf 82' lang='lat' dir='ltr'>Dionys.</span> <span class='ocrx_word' id='word_1_309' title='bbox 617 3700 714 3761; x_wconf 76' lang='lat' dir='ltr'>Helio.</span> <span class='ocrx_word' id='word_1_310' title='bbox 732 3704 828 3778; x_wconf 86' lang='lat' dir='ltr'>Epist.</span> <span class='ocrx_word' id='word_1_311' title='bbox 852 3704 891 3763; x_wconf 88' lang='lat' dir='ltr'>sd</span> <span class='ocrx_word' id='word_1_312' title='bbox 908 3706 1013 3779; x_wconf 83' lang='lat' dir='ltr'>Pomp.</span> <span class='ocrx_word' id='word_1_313' title='bbox 1039 3725 1070 3780; x_wconf 89' lang='lat' dir='ltr'>p.</span> <span class='ocrx_word' id='word_1_314' title='bbox 1087 3713 1121 3765; x_wconf 79' lang='lat' dir='ltr'>tt</span> <span class='ocrx_word' id='word_1_315' title='bbox 1139 3727 1184 3783; x_wconf 85' lang='lat' dir='ltr'>sq.</span> <span class='ocrx_word' id='word_1_316' title='bbox 1219 3708 1313 3769; x_wconf 80' lang='lat' dir='ltr'>fleto.</span> <span class='ocrx_word' id='word_1_317' title='bbox 1336 3714 1381 3773; x_wconf 89' lang='lat' dir='ltr'>ad</span> <span class='ocrx_word' id='word_1_318' title='bbox 1405 3715 1477 3775; x_wconf 78' lang='lat' dir='ltr'>rtn.</span> 
     </span>
     <span class='ocr_line' id='line_1_37' title="bbox 202 3798 463 3868; baseline 0.008 -22"><span class='ocrx_word' id='word_1_319' title='bbox 202 3808 280 3846; x_wconf 79' lang='lat' dir='ltr'>tino.</span> <span class='ocrx_word' id='word_1_320' title='bbox 301 3810 330 3863; x_wconf 91' lang='lat' dir='ltr'>p.</span> <span class='ocrx_word' id='word_1_321' title='bbox 349 3798 399 3849; x_wconf 78' lang='lat' dir='ltr'>tot</span> <span class='ocrx_word' id='word_1_322' title='bbox 417 3810 463 3868; x_wconf 85' lang='lat' dir='ltr'>sq.</span> 
     </span>
    </p>
   </div>
   <div class='ocr_carea' id='block_1_10' title="bbox 241 3942 1479 4039">
    <p class='ocr_par' dir='ltr' id='par_1_19' title="bbox 241 3942 1479 4039">
     <span class='ocr_line' id='line_1_38' title="bbox 241 3942 1479 4039; baseline 0.016 -44"><span class='ocrx_word' id='word_1_323' title='bbox 241 3956 270 4012; x_wconf 90' lang='lat' dir='ltr'>p.</span> <span class='ocrx_word' id='word_1_324' title='bbox 288 3945 338 4006; x_wconf 90' lang='grc'>44,</span> <span class='ocrx_word' id='word_1_325' title='bbox 363 3942 407 3999; x_wconf 87' lang='lat'>15.</span> <span class='ocrx_word' id='word_1_326' title='bbox 441 3945 581 4013; x_wconf 65' lang='lat' dir='ltr'>literana]</span> <span class='ocrx_word' id='word_1_327' title='bbox 625 3944 679 4015; x_wconf 71' lang='lat' dir='ltr'>Its,</span> <span class='ocrx_word' id='word_1_328' title='bbox 699 3944 779 4005; x_wconf 89' lang='lat' dir='ltr'>edidi</span> <span class='ocrx_word' id='word_1_329' title='bbox 806 3963 823 4002; x_wconf 89' lang='lat' dir='ltr'>e</span> <span class='ocrx_word' id='word_1_330' title='bbox 851 3945 888 4007; x_wconf 93' lang='lat' dir='ltr'>B.</span> <span class='ocrx_word' id='word_1_331' title='bbox 917 3947 952 4005; x_wconf 80' lang='lat' dir='ltr'>E.</span> <span class='ocrx_word' id='word_1_332' title='bbox 998 3946 1096 4024; x_wconf 81' lang='lat' dir='ltr'>Vulgo</span> <span class='ocrx_word' id='word_1_333' title='bbox 1123 3949 1256 4011; x_wconf 70' lang='lat' dir='ltr'>timim</span> <span class='ocrx_word' id='word_1_334' title='bbox 1285 3955 1384 4018; x_wconf 74' lang='lat' dir='ltr'>,Atd</span> <span class='ocrx_word' id='word_1_335' title='bbox 1414 3957 1479 4039; x_wconf 68' lang='lat' dir='ltr'>Bas.</span> 
     </span>
    </p>
   </div>
   <div class='ocr_carea' id='block_1_11' title="bbox 171 4036 308 4092">
    <p class='ocr_par' dir='ltr' id='par_1_20' title="bbox 171 4036 308 4092">
     <span class='ocr_line' id='line_1_39' title="bbox 171 4036 308 4092; baseline -0.007 -6"><span class='ocrx_word' id='word_1_336' title='bbox 171 4036 308 4092; x_wconf 64' lang='lat' dir='ltr'>litoroso.</span> 
     </span>
    </p>
   </div>
   <div class='ocr_carea' id='block_1_12' title="bbox 173 4179 1481 4350">
    <p class='ocr_par' dir='ltr' id='par_1_21' title="bbox 173 4179 1481 4350">
     <span class='ocr_line' id='line_1_40' title="bbox 242 4179 1481 4267; baseline 0.019 -28"><span class='ocrx_word' id='word_1_337' title='bbox 242 4199 273 4256; x_wconf 90' lang='lat' dir='ltr'>p.</span> <span class='ocrx_word' id='word_1_338' title='bbox 291 4188 344 4248; x_wconf 87' lang='grc'>44,</span> <span class='ocrx_word' id='word_1_339' title='bbox 370 4187 412 4241; x_wconf 85' lang='grc'>15.</span> <span class='ocrx_word' id='word_1_340' title='bbox 443 4179 525 4256; x_wconf 67' lang='grc' dir='ltr'>ἡμῖν]</span> <span class='ocrx_word' id='word_1_341' title='bbox 569 4184 724 4259; x_wconf 87' lang='lat' dir='ltr'>Wyttenh.</span> <span class='ocrx_word' id='word_1_342' title='bbox 757 4191 887 4262; x_wconf 84' lang='lat' dir='ltr'>conjecit</span> <span class='ocrx_word' id='word_1_343' title='bbox 917 4195 961 4247; x_wconf 71' lang='lat' dir='ltr'>sut</span> <span class='ocrx_word' id='word_1_344' title='bbox 981 4189 1033 4262; x_wconf 70' lang='grc' dir='ltr'>μὴν</span> <span class='ocrx_word' id='word_1_345' title='bbox 1058 4220 1093 4237; x_wconf 90' lang='grc'><strong>-</strong></span> <span class='ocrx_word' id='word_1_346' title='bbox 1119 4192 1198 4267; x_wconf 87' lang='lat' dir='ltr'>qnod</span> <span class='ocrx_word' id='word_1_347' title='bbox 1226 4193 1322 4267; x_wconf 87' lang='lat' dir='ltr'>paulo</span> <span class='ocrx_word' id='word_1_348' title='bbox 1352 4199 1481 4264; x_wconf 72' lang='lat' dir='ltr'>calidius</span> 
     </span>
     <span class='ocr_line' id='line_1_41' title="bbox 173 4270 1274 4350; baseline 0.015 -21"><span class='ocrx_word' id='word_1_349' title='bbox 173 4271 301 4332; x_wconf 81' lang='lat' dir='ltr'>Hntten.</span> <span class='ocrx_word' id='word_1_350' title='bbox 324 4275 448 4350; x_wconf 89' lang='lat' dir='ltr'>recepit.</span> <span class='ocrx_word' id='word_1_351' title='bbox 1270 4270 1274 4275; x_wconf 39' lang='lat'>⁵</span> 
     </span>
    </p>
   </div>
   <div class='ocr_carea' id='block_1_13' title="bbox 177 4425 1483 4568">
    <p class='ocr_par' dir='ltr' id='par_1_22' title="bbox 177 4425 1483 4568">
     <span class='ocr_line' id='line_1_42' title="bbox 243 4425 1483 4506; baseline 0.019 -28"><span class='ocrx_word' id='word_1_352' title='bbox 243 4439 275 4493; x_wconf 85' lang='lat' dir='ltr'>p.</span> <span class='ocrx_word' id='word_1_353' title='bbox 292 4429 343 4489; x_wconf 85' lang='grc'>44,</span> <span class='ocrx_word' id='word_1_354' title='bbox 368 4426 410 4482; x_wconf 81' lang='lat' dir='ltr'>ts.</span> <span class='ocrx_word' id='word_1_355' title='bbox 444 4427 552 4491; x_wconf 75' lang='grc' dir='ltr'><strong>πολλοὶ]</strong></span> <span class='ocrx_word' id='word_1_356' title='bbox 584 4427 676 4482; x_wconf 75' lang='grc' dir='ltr'><strong><em>πολλοὶ</em></strong></span> <span class='ocrx_word' id='word_1_357' title='bbox 694 4429 726 4484; x_wconf 90' lang='lat' dir='ltr'>in</span> <span class='ocrx_word' id='word_1_358' title='bbox 747 4425 781 4489; x_wconf 82' lang='lat' dir='ltr'>ll.</span> <span class='ocrx_word' id='word_1_359' title='bbox 799 4430 874 4487; x_wconf 83' lang='lat' dir='ltr'>mule</span> <span class='ocrx_word' id='word_1_360' title='bbox 891 4433 1003 4506; x_wconf 86' lang='lat' dir='ltr'>pictum</span> <span class='ocrx_word' id='word_1_361' title='bbox 1019 4433 1225 4506; x_wconf 86' lang='lat' dir='ltr'>interlineas,</span> <span class='ocrx_word' id='word_1_362' title='bbox 1244 4437 1297 4495; x_wconf 88' lang='lat' dir='ltr'>sed</span> <span class='ocrx_word' id='word_1_363' title='bbox 1317 4439 1359 4498; x_wconf 87' lang='lat' dir='ltr'>ah</span> <span class='ocrx_word' id='word_1_364' title='bbox 1378 4444 1483 4503; x_wconf 87' lang='lat' dir='ltr'>eadein</span> 
     </span>
     <span class='ocr_line' id='line_1_43' title="bbox 177 4529 277 4568; baseline 0.02 -2"><span class='ocrx_word' id='word_1_365' title='bbox 177 4529 277 4568; x_wconf 81' lang='lat' dir='ltr'>manu.</span> 
     </span>
    </p>
   </div>
   <div class='ocr_carea' id='block_1_14' title="bbox 0 0 1529 4994">
    <p class='ocr_par' dir='ltr' id='par_1_23' title="bbox 0 0 1529 4994">
     <span class='ocr_line' id='line_1_44' title="bbox 0 0 1529 4994; baseline 0 0"><span class='ocrx_word' id='word_1_366' title='bbox 0 0 1529 4994; x_wconf 95' lang='lat' dir='ltr'> </span> 
     </span>
    </p>
   </div>
  </div>
 </body>
</html>
