3036 4994
165 213 226 280 176

162 371 193 430 τὸ
210 371 358 447 μητρῷον
377 368 486 440 αὔλημα.
520 362 597 424 lbid.
616 361 681 432 IX,
699 367 742 422 12.
768 357 892 437 διάφοροι
907 363 936 417 61
954 357 1078 422 αὖτολςές
1097 348 1221 432 ἆρμονίαν
1236 350 1288 424 την
1311 344 1466 422 Φρῖνγιον

164 472 311 535 &wipere
337 469 364 519 ol
382 461 466 519 αὐλοί.

230 631 259 686 p.
278 615 327 677 32.
353 617 397 668 17.
429 608 573 680 πραΰνουσι
599 613 643 663 καλ
667 600 869 670 καταπαύουσιν]
916 599 984 656 Plut
1022 595 1135 669 Philop.
1166 611 1194 649 c.
1220 590 1308 649 XVI.
1347 587 1464 658 ίττειρᾶτο

163 703 330 775 πραΰνειν
353 706 406 755 καί
427 699 633 757 καταπαύειν
655 696 699 753 τὸν
716 693 834 765 Διοφάνη
858 715 903 764 της
923 709 1030 762 οργηςο
1056 692 1222 757 Φιλοποίμην.
1256 683 1412 740 Ceterum
1434 679 1465 736 ad

163 798 254 854 totius
277 793 337 850 loci
358 796 533 850 sententiam
555 807 709 866 compares
736 807 797 844 nou
821 788 884 842 sine
902 785 1001 840 fructu
1019 781 1093 838 Plat.
1112 779 1146 835 de
1165 778 1243 852 legg.
1261 773 1335 832 VII.
1368 792 1401 847 p.
1422 777 1465 830 79⁰

164 888 206 946 D.
226 888 261 944 E.
295 892 476 960 τεκμαίρεσθαι
498 890 525 942 di
544 884 594 959 χρὴ
611 890 655 940 καί
677 880 728 938 (inb
742 883 837 947 τῶνδε,
862 876 894 941 ὧς
913 881 937 938 ἐξ
953 880 1081 948 ἐμπειρίας
1100 868 1162 928 αὐτὸ
1185 868 1308 942 εἰλήφασι
1325 872 1377 922 καί
1394 865 1466 938 {prri-

165 1001 237 1037 κασιν
258 979 287 1035 ὃν
304 977 428 1051 γρηοιμον
454 982 484 1035 oi'
498 1002 526 1034 τε
550 983 644 1051 τροφοί
665 977 714 1031 τῶν
734 973 841 1046 σμικρῶν
861 975 905 1026 καλ
930 975 963 1024 αί
986 972 1059 1039 περὶ
1083 958 1122 1021 cil
1145 959 1207 1018 τιλν
1228 954 1466 1034 Κορυβάντων

167 1074 293 1147 ίιὶματα
309 1074 463 1129 τελοῦσαι
479 1072 517 1139 (1.
536 1072 673 1139 ίγουσαι)·
694 1063 767 1140 ἡνίκα
781 1066 833 1140 γὰρ
853 1063 885 1120 ἄν
901 1083 951 1120 σου
969 1058 1117 1130 βουληθῦοι
1137 1057 1326 1128 κατακοιμίζειν
1351 1051 1389 1108 τὰ
1410 1056 1466 1108 δοσ-

162 1168 288 1222 υανοῡντα
313 1167 363 1221 τῶν
382 1169 489 1222 παιδίαν
500 1170 528 1220 αλ
553 1170 672 1236 μητίρεσ,
701 1159 749 1228 οὐχ
773 1158 881 1230 ἡσυχίαν
900 1153 986 1218 adroic
1008 1159 1206 1228 προσφέρουσιν,
1220 1145 1294 1204 'alb
1313 1143 1468 1203 τοῦναντίον

166 1268 278 1330 κίνησιν,
301 1266 326 1314 dv
343 1269 398 1321 ταῖς
418 1255 538 1330 ἀγκάλαις
557 1255 597 1312 det
617 1258 729 1312 σείουσαι
745 1259 788 1310 ιιαλ
805 1249 836 1309 οὗ
852 1248 936 1324 σιγῆν,
955 1245 1020 1306 duat
1036 1268 1110 1303 τινα
1125 1240 1327 1316 μελῳδίαν·
1345 1248 1379 1296 et
1398 1252 1467 1315 quae

169 1371 232 1429 seq.
252 1352 317 1408 vide
333 1352 451 1409 Ruunt.
469 1350 507 1406 ad
525 1348 602 1407 Tim.
620 1366 651 1422 p.
671 1352 719 1405 16³
738 1364 785 1421 sq.

235 1517 266 1572 p.
283 1505 331 1565 32,
350 1502 393 1556 20.
428 1492 527 1552 Μοῦσά
544 1497 596 1561 τις]
631 1486 668 1549 Iu
685 1486 731 1548 ed.
750 1486 910 1564 Wyttenb.
929 1486 1003 1543 male
1021 1479 1120 1542 Μουοιί
1137 1502 1185 1546 τις.

236 1665 266 1721 p.
283 1649 335 1713 tt,
353 1651 398 1705 21.
431 1645 599 1712 καθίστησιν]
635 1643 776 1710 καθίστησι
791 1638 860 1697 Ald.
878 1632 948 1696 Bae.
984 1635 1028 1692 De
1051 1639 1192 1706 καθίστημι
1218 1627 1288 1688 vide
1306 1628 1471 1703 Wyttenn

170 1737 207 1795 nd
228 1738 303 1795 Plut.
325 1732 360 1792 de
386 1745 461 1791 sent.
481 1730 558 1808 proi.
578 1735 609 1790 in
629 1734 699 1792 virt.
718 1752 748 1808 p.
769 1741 803 1792 79
820 1733 859 1788 A.

239 1908 270 1964 p.
288 1894 337 1955 32,
354 1893 399 1947 21.
434 1886 523 1960 ipim]
559 1891 633 1959 iperi
650 1882 720 1941 Ald.
743 1883 814 1940 Bas.

240 2056 270 2112 p.
288 2042 337 2105 sc,
353 2041 398 2095 cr.
431 2032 491 2107 μισ
510 2029 623 2109 ἥμερα]
656 2039 806 2107 ..annom
822 2030 891 2092 Am.
909 2030 979 2088 Bas.

243 2212 274 2271 p.
292 2200 343 2262 sa,
359 2200 405 2253 no.
440 2192 561 2261 suntor]
596 2167 700 2264 ,ἵλασο
716 2187 752 2250 Β.

242 2360 273 2416 p.
292 2348 342 2411 ιτ,
359 2349 403 2404 τι.
439 2340 543 2413 ᾄσαι]
578 2341 671 2400 uaso..
687 2341 723 2402 Β.
742 2335 777 2399 u.
812 2339 949 2397 Ceterum
966 2332 1033 2395 vide
1051 2335 1125 2395 rut.
1143 2328 1216 2408 Lys.
1233 2347 1266 2409 p.
1284 2336 1342 2394 τοι
1359 2326 1390 2392 c.

242 2506 274 2560 p·
291 2495 339 2556 32,
357 2494 401 2548 24.
437 2489 480 2545 διὰ
495 2489 541 2558 την
559 2487 698 2561 ἐνάργειαν]
734 2487 863 2546 Omnino
883 2489 940 2544 boc
957 2485 1133 2551 vocabulum
1154 2487 1315 2558 (ὲνίργειαν)
1342 2485 1470 2549 retineo.-

175 2579 347 2654 repudiata,
366 2596 454 2655 qnam
472 2582 659 2638 doctissimus
674 2582 736 2647 vir,
761 2581 931 2646 Victorius,
949 2578 1001 2638 lib.
1019 2584 1064 2637 23.
1083 2597 1151 2654 cap.
1167 2585 1210 2637 14.
1229 2590 1360 2635 suarum
1377 2579 1469 2636 vario

175 2690 243 2729 rum
265 2671 426 2728 lectionum
450 2674 740 2748 copiosissimarum,
776 2670 953 2728 substituere
975 2672 1100 2740 nititur,
1136 2677 1261 2745 ἐναργεία.
1303 2671 1382 2729 Non
1403 2673 1474 2728 inte·

176 2767 235 2822 rim
253 2764 299 2821 vel
322 2765 385 2840 ejus
406 2766 564 2841 quicquam
581 2763 746 2821 detractum
762 2764 973 2821 existimationi
989 2764 1073 2832 volo,
1092 2764 1140 2821 vel
1156 2780 1250 2839 nego,
1270 2770 1406 2839 ἐνέργειαν
1419 2782 1472 2839 pro

177 2855 307 2933 ἐνάργειαν
325 2875 412 2932 saepe
436 2857 513 2932 apud
534 2856 630 2913 bonos
651 2868 806 2924 auctores,
837 2867 866 2912 et
890 2873 925 2912 eo
951 2858 1016 2932 ipso
1033 2856 1101 2913 loco
1125 2856 1325 2929 Quintiliani,
1365 2859 1417 2935 qui
1436 2866 1477 2912 eat

179 2970 243 3025 cap.
263 2959 290 3013 6.
304 2950 375 3008 libri
394 2956 420 3012 6.
437 2964 592 3026 perperam
608 2950 676 3026 legi.
714 2949 773 3008 Sed
791 2961 870 3007 certe
889 2951 961 3006 baec
980 2951 1048 3024 ipsa
1073 2949 1249 3022 Quintiliani
1269 2949 1388 3018 verba,
1408 2965 1475 3026 qnae

179 3064 197 3100 a
219 3044 352 3102 Victorio
371 3044 589 3116 producuntur,
608 3053 641 3098 ut
657 3043 807 3100 videamur
825 3060 886 3099 non
903 3044 1051 3118 cogitare,
1078 3041 1261 3110 redimere,
1287 3046 1392 3120 magis
1415 3050 1479 3116 ἐνέρ-

177 3128 261 3207 γειαν,
291 3147 381 3210 puto,
413 3135 563 3202 indicant,
592 3148 679 3211 quam
701 3133 844 3208 ίνὰργιιαν.
878 3135 1107 3210 Imaginationes
1132 3137 1293 3192 amantium
1315 3150 1384 3193 uon
1406 3139 1480 3193 intre

179 3231 244 3285 visa
263 3230 448 3294 consistunt,
468 3227 519 3283 sed
537 3230 568 3284 in
586 3239 699 3302 gestus,
719 3245 900 3293 sermonem,
920 3228 1034 3304 aliaque
1052 3228 1157 3296 etiam,
1183 3246 1257 3304 quoe
1280 3229 1390 3287 dicere
1409 3228 1480 3287 nihil

179 3322 296 3386 attinet,
313 3330 486 3394 erumpunt,
505 3330 534 3376 et
551 3331 620 3378 sunt
636 3325 725 3377 είυολα
742 3319 875 3392 κινούμενα
895 3322 990 3388 ζῶντα,
1008 3330 1065 3385 etc.
1085 3331 1119 3377 nt
1138 3322 1186 3376 bic
1205 3321 1345 3382 docetur.
1385 3323 1419 3381 Si
1436 3322 1481 3378 cni

178 3423 277 3469 tamen
293 3414 385 3489 inagis
400 3412 542 3488 probatur
554 3414 681 3472 Victorii
693 3415 853 3482 sententia,
873 3432 927 3489 per
940 3432 986 3470 me
997 3413 1070 3470 licet
1084 3415 1112 3470 ei
1126 3415 1220 3490 sequi.
1241 3413 1482 3474 XYLANDER.

179 3506 271 3562 Recte
290 3508 322 3562 in
344 3506 479 3563 ordinem
497 3518 648 3582 receptum
669 3507 799 3566 Victorii
816 3507 943 3578 ἰνιέργειαν
967 3504 1004 3563 ab
1028 3505 1164 3563 omnibus
1186 3507 1374 3567 editoribus.
1406 3508 1483 3567 Plat.

180 3597 254 3657 Grit.
279 3618 309 3674 p.
327 3606 361 3657 44
377 3599 411 3656 B·
436 3598 469 3663 air
491 3598 587 3656 ἄνοσον
605 3600 635 3656 τὸ
655 3598 826 3664 ἐνύπνιον,
855 3596 874 3654 ai
896 3598 1038 3671 Σώκρατες.
1071 3606 1132 3668 m.
1164 3599 1326 3674 'Eaupylr
1351 3611 1403 3675 ptr
1423 3599 1483 3667 οὖν,

180 3689 213 3752 ὅς
231 3689 253 3761 γ’
274 3697 331 3763 ipat
347 3695 431 3758 δοκεῖ,
448 3689 467 3747 d
483 3699 595 3766 Κρίτων.
611 3695 678 3750 coll.
696 3695 784 3750 Hom.
804 3691 914 3766 Odyss.
933 3692 996 3758 IV,
1020 3699 1079 3751 641.
1116 3693 1191 3752 Plut.
1211 3712 1265 3749 cnr
1285 3695 1403 3768 Pythia
1429 3714 1488 3752 non

178 3782 284 3841 reddat
303 3784 421 3841 oracula
441 3789 570 3843 carmine
589 3807 618 3862 p.
638 3795 688 3847 398
706 3787 745 3844 Α.
773 3786 951 3860 Ἀριστοτέλης
966 3792 1012 3859 μὲν
1030 3780 1075 3843 οὖν
1088 3785 1202 3862 Ὅμηρον
1221 3792 1287 3860 ἔλεγε
1303 3787 1488 3862 κινούμενα

180 3873 293 3948 ὀνόματα
312 3888 392 3934 ποιεῖν
412 3875 455 3934 διὰ
476 3878 522 3949 τὴν
543 3878 728 3953 ἐνάργειαν.
763 3879 887 3941 Aristot.
912 3879 947 3937 dc
974 3889 1027 3936 art.
1054 3890 1134 3955 poet.
1162 3899 1188 3938 c.
1207 3885 1251 3939 26.
1289 3881 1429 3959 Kriiger.
1454 3880 1490 3939 ad

179 3969 306 4044 Dionys.
325 3970 480 4031 Halicarn.
496 3972 622 4047 Epistol.
641 3973 678 4030 ad
695 3972 749 4031 Cn.
763 3974 871 4052 Pomp.
889 3991 920 4047 p.
938 3979 964 4032 6.
982 3981 1011 4028 et
1028 3972 1163 4032 Addend.
1180 3993 1209 4048 p.
1228 3972 1356 4037 XLVI.

247 4141 276 4195 p.
296 4127 344 4188 32,
362 4127 406 4180 24.
440 4096 611 4194 ίγρηγορὸτιιν
628 4116 750 4195 detineto]
784 4120 872 4195 Diog.
898 4120 1002 4180 lauert.
1020 4122 1066 4189 V,
1086 4130 1128 4182 13.
1149 4122 1183 4181 de
1202 4124 1371 4183 Aristotele
1391 4134 1488 4204 ίριντη·

180 4220 239 4276 θεὶς
261 4221 290 4269 τί
313 4223 380 4270 ἐστιν
403 4219 515 4277 ίλττίςι
541 4212 798 4285 Ἑγρηγορὸτος,
826 4220 910 4281 εἶπεν,
939 4213 1101 4271 ἐνύπνιον.
1135 4214 1183 4293 Ad
1211 4216 1372 4276 Platonem
1399 4223 1492 4278 refert

181 4304 597 4374 Aelian.Var.Hist.X111,
624 4314 666 4366 29.
699 4305 799 4378 Ἔλεγεν
819 4304 834 4361 ὅ
854 4305 981 4376 Πλάτων,
1007 4308 1225 4372 rebellatrice
1248 4316 1494 4389 ἐγρηγορότων

181 4395 364 4471 ἀνθρώπων
382 4395 530 4472 ὀνείρους
546 4405 615 4455 εἶναι
635 4398 761 4456 Pindaro
778 4399 918 4457 tribuitur
930 4399 966 4458 ab
975 4404 1133 4472 Anonymo
1146 4402 1178 4457 in
1188 4401 1318 4465 Stob..T.
1328 4404 1388 4475 ΙΙΙ,
1403 4414 1449 4466 12
1459 4429 1487 4483 p.

182 4492 243 4548 ³56.
261 4495 391 4560 Πίνδαρος
406 4496 457 4548 elne
476 4489 523 4554 τὰς
538 4496 638 4556 ἐλπίδας
653 4498 721 4548 εἶναι
739 4495 974 4568 ἐγρηγορότων
991 4491 1137 4551 ieiuno.
1156 4495 1236 4553 Vide.
1248 4497 1371 4558 Boeckb.
1383 4501 1495 4578 fragm.

190 4599 220 4656 p.
239 4588 300 4641 676.
334 4581 393 4639 Sed
412 4585 462 4660 qui
479 4585 608 4660 scriptor
622 4584 731 4643 dixerit
743 4585 877 4645 visiones
890 4602 1050 4663 poetarum
1066 4589 1186 4645 somnio
1201 4586 1405 4662 oigilmttium
1419 4614 1496 4662 carc,
