3036 4994
140 229 199 293 198

137 381 334 440 διαλύσαιτο
356 381 418 455 τὴν
441 381 520 457 πρὸς
536 380 677 439 ’Σόλωνα
700 388 814 454 φιλλαν
837 390 881 441 καὶ
901 388 995 448 ξενίαν.
1027 403 1066 441 an
1086 385 1152 443 seni
1168 380 1304 458 respubl.
1326 397 1392 456 ger.
1409 399 1438 453 Ρ.

88 468 91 477 ’
137 482 191 536 806
207 477 242 536 F.
276 476 291 532 ὃ
312 483 357 550 μὶν
374 478 423 553 γὰρ
442 483 531 534 Κλέων
547 475 591 533 ὅτε
607 486 666 550 ἔγνω
682 479 728 548 τῆς
746 483 872 542 πολιτείας
888 477 1035 547 ἅπτεσθαι,
1052 475 1112 540 τοῦς
1127 482 1216 549 φίλους
1233 473 1392 546 συναγαγιῦν
1407 481 1442 536 εἰς

136 569 232 638 ταύτὸ,
251 570 426 627 διελύσατο
445 569 499 639 τόν
516 576 634 643 φιλίαν
649 571 730 644 πρὸς
747 569 878 634 αὐτούς.
896 571 1072 646 Quanquam
1082 589 1119 626 ne
1131 571 1203 627 haec
1217 568 1346 645 quidem
1362 568 1440 633 ratio

138 667 219 721 omni
239 675 320 720 caret
341 664 493 730 molestia,
512 663 564 719 sed
581 675 735 737 praeterea
758 666 967 740 corrigendum
984 664 1101 721 videtur
1117 662 1182 736 πρὸς
1200 659 1280 718 αὐτὸν
1298 679 1361 736 pro
1378 659 1440 733 πρὸς

131 758 234 816 Ἄννιον
268 762 313 826 (v.
338 760 405 816 intt.
428 757 466 814 ad
490 757 563 816 Plat.
586 757 666 813 Men.
691 779 719 831 p.
742 764 774 815 89
799 758 866 827 u),
901 759 942 814 ita
962 768 996 815 ut
1015 768 1167 814 struantur
1191 753 1288 813 verba
1312 755 1379 810 sict
1410 750 1439 814 sis

140 849 272 909 διελύσατο
288 850 334 922 τὴν
350 849 413 925 πρὸς
431 847 508 907 αῦτόν
523 849 649 925 πατρικὴν
665 856 774 924 ἔχθραν.

202 1021 231 1077 Ρ.
249 1010 303 1070 42,
327 1008 370 1062 12.
412 1001 553 1074 πατρικὴν]
597 1000 642 1057 Ita
667 1001 788 1074 reposui
816 1018 831 1056 e
863 1000 894 1055 B.
921 999 956 1056 E.
999 998 1102 1074 Vulgo
1129 996 1271 1054 mendose
1301 992 1439 1069 πατρικὸν.

133 1095 256 1170 πατρικὴν
273 1100 332 1169 jam
348 1094 468 1151 Hutten.
487 1093 601 1151 dedite
619 1095 734 1151 unslet
751 1095 941 1168 conjectura,
969 1093 1019 1169 qni
1037 1101 1087 1147 aut
1111 1088 1234 1162 πατρικὴν
1255 1099 1313 1145 aut
1330 1085 1442 1163 πάτριοι

136 1188 281 1246 voluerat.
314 1189 351 1245 In
367 1188 436 1246 Ald.
454 1188 554 1261 πρῑκὸν.
592 1187 669 1244 Tum
685 1189 717 1244 in
735 1187 782 1249 ed.
801 1185 958 1261 Wyttenh.
978 1187 1084 1243 vitiose
1101 1201 1277 1258 expressum
1297 1181 1410 1256 ἐχθρὸν.
1486 1192 1489 1197 ’

202 1358 233 1413 Ρ.
251 1345 302 1407 42,
328 1344 372 1398 13.
414 1334 514 1414 πρᾷος]
559 1339 642 1412 πρᾶος
676 1348 705 1393 et
733 1339 839 1415 scripti
866 1338 936 1394 libri
963 1345 994 1393 et
1022 1334 1089 1396 edd.
1121 1344 1240 1410 praeter
1273 1332 1386 1390 Reisk.
1416 1343 1444 1388 et

136 1431 261 1491 Hutten.

202 1597 233 1654 Ρ.
249 1585 300 1646 42,
324 1584 366 1638 13.
409 1583 474 1648 εἶεν,
499 1580 582 1648 εἶπεν]
624 1578 669 1634 Ita
696 1580 828 1635 correxit
851 1577 1010 1652 Wyttenb.
1035 1579 1107 1637 eB.
1134 1578 1171 1638 E.
1194 1575 1280 1638 Mez.
1308 1575 1389 1650 Xyl.
1417 1587 1444 1678 et

134 1669 234 1755 Reislt.
268 1670 350 1747 Vulg
334 1689 370 1726 oo
387 1676 450 1737 εἶεν,
466 1676 530 1727 εῖ.τα
563 1671 641 1728 Tum
657 1670 726 1731 Ald.
745 1671 815 1731 Bas.
833 1672 937 1746 σκυθρι
928 1695 1001 1728 πων

201 1838 231 1895 Ρ.
252 1825 302 1887 12,
323 1827 365 1878 14.
397 1829 452 1883 τοῖς
476 1820 592 1876 συνοῦσιν
613 1819 641 1876 εὖ
662 1825 745 1888 ποιιι]
780 1822 825 1877 lta
846 1823 966 1878 correxi
984 1820 1052 1878 eB.
1072 1821 1106 1881 Ε.
1134 1821 1203 1882 Ald.
1232 1830 1294 1884 τοῖς
1319 1823 1442 1878 συνοῦσιν

135 1909 236 1968 ιῦποιιῖ.
268 1913 365 1988 Vulgo
390 1922 444 1974 τοῖς
468 1913 570 1968 συνοῦσι
594 1922 668 1968 ποιεῖ.
703 1913 772 1969 Bas.
799 1923 854 1977 τοῖς
873 1915 989 1968 συνοῦσιν
1008 1924 1084 1972 ποιεῖ.
1118 1913 1177 1982 Jis,
1207 1915 1263 1988 qui
1281 1912 1380 1970 verba
1397 1917 1439 1970 sic

136 2005 272 2061 ordinare
292 2008 397 2061 nolunt
413 2012 439 2060 Iu
451 2004 578 2061 δυσκόλου
594 2035 629 2048 -
644 2016 713 2062 ποιεῖ
728 2012 986 2082 φιλανθρωποτέρους
996 2016 1050 2069 τοῖς
1068 2003 1096 2062 εὖ
1112 2005 1230 2064 συνοῦσιν
1247 2011 1292 2076 (v.
1307 2008 1436 2084 Ksiiger.
1487 1996 1490 2001 Ι

134 2098 172 2155 ad
194 2101 320 2172 Dionys.
345 2099 441 2156 Halic.
463 2099 498 2155 de
519 2098 654 2172 Thucyd.
676 2100 768 2173 judic.
794 2119 825 2174 p.
843 2102 924 2167 62),
954 2111 1058 2156 auctor
1082 2118 1147 2155 sum
1165 2111 1199 2156 ut
1219 2099 1367 2158 scribant
1386 2111 1436 2163 τοῖς

133 2194 252 2250 συνοῦσιν
270 2194 301 2248 οὐ
320 2202 403 2262 ποιεῖ,
421 2203 454 2249 ut
479 2194 520 2250 sit
538 2194 745 2269 interrogatio.
781 2193 833 2251 Sic
850 2194 928 2251 infra
943 2212 999 2267 pro
1023 2192 1053 2249 οὔ
1068 2190 1197 2266 δαιμόνων
1220 2193 1298 2254 Ald.
1318 2194 1431 2253 exhibet

135 2282 302 2357 ιῦδαιμόνιον.

200 2452 232 2509 Ρ.
250 2440 301 2503 42,
320 2436 363 2494 15.
398 2414 675 2508 φιλανθρωποτέρους]
710 2439 969 2511 φιλανθρωποτέρους
986 2436 1055 2494 Ald.
1073 2435 1144 2499 Bae.
1487 2378 1492 2487 l

201 2601 232 2658 p.
250 2590 299 2651 42,
318 2587 360 2643 16.
396 2557 557 2657 αἰθομένου·
541 2577 663 2658 πυρὸς]
696 2582 809 2639 Versus
837 2583 960 2641 Homeri
984 2594 1030 2641 est
1055 2586 1173 2661 (Epigr.
1195 2585 1298 2656 XIII,
1326 2589 1411 2653 5.’>
1403 2608 1431 2645 m

24 2688 28 2697 '
134 2676 201 2738 Vit.
218 2676 340 2732 Homeri
358 2676 578 2751 Herodoteap.
598 2683 658 2735 737.
675 2678 718 2733 75.
748 2675 814 2732 vide
832 2674 952 2737 Jacobs.
970 2677 1127 2736 Animadv.
1146 2679 1276 2740 Anthol.
1295 2681 1324 2742 1.
1347 2680 1387 2742 11.
1404 2700 1432 2756 Ρ.

133 2774 196 2833 120.
229 2770 363 2845 Apponit
379 2770 504 2827 eundem
520 2768 695 2826 Plutarch.
687 2788 718 2825 ιιι
731 2767 809 2824 libro
828 2768 862 2825 de
880 2770 987 2826 virtute
1005 2781 1034 2827 et
1050 2773 1170 2847 vitiop.
1191 2773 1301 2832 1000.

335 2890 574 2960 αὶθομένουδὲ
594 2885 1245 2963 πυρὸςγερορότεροςοῖιιοςὶδέοθαι·

133 3011 177 3062 καλ
193 3008 302 3068 πλοῖτος
319 3005 409 3078 ἡδέων,
428 3010 471 3061 καλ
491 3003 554 3067 δόξα
570 3009 733 3079 λαμπροτέρα
749 3011 791 3060 καὶ
809 3005 927 3077 δύναμις,
944 3003 975 3061 tis
993 3006 1023 3062 τὸ
1040 3005 1092 3064 ἆπὸ
1109 3010 1154 3078 τῆς
1170 3010 1257 3080 ψυχῆς
1272 3016 1324 3084 ἔχῃ
1339 3012 1431 3084 γῆθος.

132 3099 253 3156 Ηοὶεἰιίο
278 3100 374 3173 judita
398 3098 508 3155 excidit
530 3100 563 3154 in
579 3110 685 3154 nostro
709 3098 777 3154 Ioco
799 3108 930 3171 συμβαίνει
952 3101 1000 3157 vel
1023 3101 1118 3158 simile
1136 3101 1205 3178 quid
1224 3112 1301 3178 post
1320 3109 1432 3162 ἰδέσθαι
1484 3096 1488 3127 ·'

135 3190 192 3249 Sed
211 3194 397 3249 accusativus
414 3190 524 3265 pendet
540 3211 557 3248 a
574 3201 647 3248 ποιεῖ.

199 3350 299 3420 Ρ.42,
317 3350 361 3402 18.
396 3341 427 3398 ἂν
442 3347 504 3413 μὲν]
541 3342 635 3399 Omisi
653 3341 711 3412 οὖν,
730 3344 807 3419 quod
824 3343 913 3418 vulgo
930 3354 999 3417 post
1015 3350 1060 3417 μὶν
1076 3342 1246 3420 legebatur,
1266 3365 1346 3406 cunr
1362 3349 1400 3410 o.

198 3499 298 3567 Ρ.42,
317 3500 359 3551 10.
391 3494 479 3562 ἴδωσι]
514 3493 558 3549 Ita
573 3495 694 3568 reposui
712 3511 727 3550 e
745 3493 780 3552 B.
798 3494 834 3553 E.
854 3504 884 3550 et
899 3493 998 3554 Reislt.
1016 3493 1086 3554 edit.
1120 3495 1224 3570 Vulgo
1240 3500 1349 3560 ἴδωσιν.

197 3661 229 3715 Ρ.
247 3646 299 3709 42,
318 3649 361 3701 20.
397 3638 499 3713 ἇγιννῆ]
534 3639 607 3714 slyen}
624 3642 692 3699 Ald.
708 3642 778 3699 Bas,

147 3794 227 3864 '.1›
245 3798 297 3858 42,
315 3797 358 3851 20.
394 3788 617 3863 υποπιμπλαμένην
635 3790 815 3866 φρονήματος]
848 3793 928 3850 Vide
946 3793 1104 3866 Wyttenb.
1124 3794 1160 3851 ad
1177 3794 1255 3854 Plut.
1280 3797 1322 3855 tle
1347 3798 1432 3856 educ.

131 3899 337 3957 puerorump
356 3889 381 3941 1
402 3883 435 3943 (1.
454 3883 494 3942 L.
512 3883 651 3944 Dindorf.
671 3884 709 3940 ad
728 3883 807 3943 Xon.
826 3885 935 3959 Cyrop.
954 3886 1041 3956 VIII,
1059 3897 1089 3956 7,
1109 3896 1133 3945 7.
1170 3887 1334 3957 Schaefer.
1352 3892 1432 3968 App.

132 3976 207 4034 erit.
225 3976 376 4033 Demosth.
395 3977 419 4036 Ι.
439 3995 470 4050 Ρ.
491 3982 549 4034 745.

197 4144 227 4200 Ρ.
245 4130 298 4193 42,
315 4130 360 4183 22.
392 4148 407 4180 ο
395 4114 596 4198 Τηλέμαχος]
630 4124 718 4184 Hom.
738 4125 846 4200 Odyss.
864 4127 950 4186 xlx.
965 4148 1011 4188 vs.
1030 4123 1130 4189 40.

329 4241 346 4313 ἦ
362 4240 448 4313 μάλα
466 4266 516 4308 τις
532 4240 613 4307 θεὸς
629 4247 739 4315 ἔνδον,
765 4247 793 4299 οἱ*
807 4243 915 4318 οὐρανὸν
933 4243 1131 4322 εῦρῦν’1χουσιν.

197 4412 226 4466 Ρ.
245 4399 296 4462 42,
314 4400 358 4454 23.
394 4392 465 4463 μάλα
481 4386 538 4465 τις]
571 4391 640 4465 μῦλά
656 4416 694 4456 τις
711 4393 743 4451 Β.
776 4392 847 4467 μάλα
863 4402 901 4460 τίς
917 4395 953 4459 E.

195 4559 225 4616 Ρ.
241 4550 293 4609 42,
311 4549 353 4601 24.
389 4541 421 4597 οῦ
436 4540 583 4617 δαιμόνιον]
615 4538 775 4615 εῦδαιμόνιον
791 4544 860 4604 Ald.
934 4594 937 4599 .

178 4712 213 4769 Ρ.
234 4698 285 4767 42,
306 4700 350 4756 25.
390 4697 570 4774 περιφρονῶν]
604 4696 768 4774 περιφρονῶν
779 4698 851 4753 Bas.
