3036 4994
633 179 887 249 penninos.
1339 139 1379 249 aa

86 345 251 419 sciturum,
276 345 434 408 simulans.
475 345 582 418 Duos,
609 364 689 428 quos
710 343 816 407 fideles
835 357 944 418 norat,
970 346 1134 414 adsumsit.
1161 359 1192 408 et
1213 344 1243 409 in
1265 368 1377 428 specus

86 447 162 511 istas
192 452 408 513 subterraneas
438 448 613 512 descendit:
644 450 737 512 misso
764 453 803 512 ad
833 469 963 511 uxorem
993 449 1107 514 liberto
1136 450 1295 526 Martiali,
1322 452 1377 536 qui

86 565 251 633 patromuu
273 576 392 618 veneno
412 553 617 628 exstinctum,
637 566 668 616 et
687 576 788 615 casam
810 551 901 615 villae
919 574 987 614 cum
1008 575 1046 616 eo
1066 568 1293 619 concrematam
1309 578 1377 620 esse

86 657 294 723 renunciaret.
330 660 470 724 Volebat
484 658 564 722 caim
579 659 664 721 luctu
680 656 790 721 uxoris
805 658 895 719 fidem
912 657 1017 720 iacere
1031 659 1097 736 sni,
1119 682 1209 740 quem
1222 662 1376 741 lingebat,

86 761 240 826 interitus.
287 765 386 848 ldque
414 764 504 827 etiam
536 763 653 827 evenit.
699 765 779 826 Nam
810 784 866 834 ea,
900 775 933 826 ut
963 774 1052 836 erat,
1084 777 1216 845 accepto
1245 766 1373 842 nuntio,

85 869 253 933 lamentans
280 881 311 932 et
335 866 453 950 ejulans
479 867 510 931 in
537 880 652 931 terram
679 866 816 947 projecit
842 887 926 941 sese,
958 876 1083 948 tresque
1103 865 1168 930 dies
1188 854 1225 931 ac
1243 870 1372 934 totidem

84 986 192 1037 noctes
217 974 283 1038 sine
304 973 377 1037 cibo
397 972 438 1035 ita
460 971 580 1055 exegit.
620 973 714 1049 Quod
740 971 794 1034 ubi
820 969 950 1033 rescivit
974 971 1125 1046 Sabinus,
1154 984 1305 1048 metuens,
1333 997 1372 1049 ne

83 1100 117 1140 se
147 1101 278 1160 prorsus
308 1078 372 1141 vita
402 1077 607 1142 exsolveret:
642 1078 768 1139 occulte
794 1075 972 1140 Martialem
1003 1075 1032 1138 ei
1058 1074 1237 1157 siguificare
1264 1077 1374 1160 jussit,

83 1183 242 1247 viverere
263 1182 444 1255 etiamnum,
466 1195 497 1244 et
517 1180 691 1244 occultari:
714 1202 829 1264 rogare
850 1193 967 1254 autem,
987 1194 1020 1245 nt
1034 1184 1134 1243 adlmc
1148 1180 1371 1266 aliquantulum

81 1286 270 1371 in-lugendo
290 1297 487 1368 perseveret,
514 1301 720 1369 accurateque
746 1285 847 1348 mariti
871 1283 1028 1348 interitum
1049 1285 1183 1348 simulet.
1225 1288 1371 1368 Tragoe-

81 1392 162 1456 diam
190 1389 282 1472 hujus
311 1389 492 1454 calamitatis
522 1413 605 1454 uxor
633 1376 796 1453 admodum
827 1386 997 1452 artificiose
1024 1389 1112 1475 egit:
1148 1402 1249 1454 tamen
1275 1405 1372 1455 noctu

82 1494 238 1558 desiderio
259 1494 379 1559 visendi
399 1498 437 1558 ad
457 1495 596 1559 maritum
619 1493 800 1569 ventitavit,
829 1492 950 1557 nemine
971 1496 1176 1571 observante,
1203 1508 1234 1558 et
1254 1508 1370 1559 tantum

83 1622 146 1663 non
173 1603 254 1681 apud
279 1600 397 1662 inseras
424 1621 492 1661 cum
519 1620 557 1663 en
578 1599 753 1663 consuevit.
795 1599 926 1661 Exactis
947 1612 1063 1679 septem
1085 1600 1258 1677 mensibus,
1286 1601 1369 1665 sacta

80 1727 135 1785 spe
160 1705 367 1786 impetrandae
394 1704 518 1779 versiae,
546 1718 645 1778 veste,
677 1716 805 1767 tonsura
831 1717 862 1767 et
881 1703 992 1786 capitis
1019 1703 1201 1795 redimiculo
1226 1704 1368 1788 ignotum

78 1808 230 1873 redditum
251 1808 355 1872 obviis
375 1811 506 1873 Romam
527 1810 687 1890 perduxit.
728 1812 791 1872 Sed
815 1831 849 1871 re
869 1807 1001 1882 infecta,
1032 1811 1063 1873 in
1090 1834 1175 1889 suam
1194 1810 1223 1873 is
1242 1833 1368 1893 specum

77 1913 191 1977 rediit:
223 1912 349 1996 ipsaque
377 1937 444 1976 cum
470 1936 510 1978 eo
538 1913 686 1995 majorem
714 1913 865 1993 temporis
893 1925 1012 1994 partem
1038 1917 1199 1980 subterra
1220 1915 1365 1997 exigens,

76 2016 228 2081 interdum
254 2020 384 2116 Romam
414 2017 495 2092 ivit,
529 2015 636 2080 amicis
666 2030 697 2080 et
725 2016 906 2081 necessariis
936 2016 1116 2080 mulieribus
1146 2039 1178 2080 se
1209 2017 1367 2081 visendam

76 2125 244 2204 praebens.
284 2125 343 2196 Et,
373 2127 460 2205 quod
486 2121 606 2184 creditu
634 2120 846 2184 difficillimum
872 2134 935 2194 est,
962 2142 1030 2182 cum
1056 2120 1094 2182 iis
1114 2121 1221 2183 lavans
1238 2120 1367 2195 fefellit,

76 2241 196 2291 uterum
219 2249 343 2312 gerens.
384 2229 464 2290 Nam
492 2225 765 2302 medicamentum,
793 2248 857 2308 quo
880 2224 1024 2289 mulieres
1044 2247 1164 2287 comam
1184 2225 1367 2310 inungentes

74 2331 195 2396 tactum
215 2329 284 2394 auri
303 2330 334 2393 in
355 2352 472 2394 morem
493 2330 616 2394 rutilam
638 2344 669 2393 et
687 2329 825 2406 fulvam,
847 2330 1064 2415 pinguedinem
1084 2333 1195 2406 habet,
1215 2354 1275 2412 qua
1290 2354 1365 2396 caro

76 2434 143 2498 sive
163 2437 199 2500 lit
224 2434 391 2520 grandior,
417 2433 483 2498 sive
504 2434 650 2510 rarescit,
678 2435 783 2518 itaque
808 2435 990 2499 diffunditur
1015 2434 1121 2517 quasi,
1153 2448 1184 2497 et
1208 2433 1309 2518 major
1329 2435 1365 2498 fit

76 2539 143 2623 ejus
165 2542 283 2605 moles:
312 2543 375 2603 hoc
400 2540 451 2603 illa
478 2540 509 2602 in
537 2540 668 2603 caeteris
689 2541 833 2606 membris
860 2563 912 2604 usa
939 2540 1072 2614 affatim,
1103 2540 1247 2604 attollens
1273 2563 1307 2619 se
1332 2553 1366 2602 et

75 2642 231 2726 turgidum
258 2646 370 2716 celavit
396 2645 514 2709 ventris
542 2668 633 2708 onus.
674 2648 789 2711 Partus
816 2666 892 2708 vero
913 2647 1041 2711 dolores
1061 2644 1128 2708 sola
1149 2644 1216 2729 ipsa
1235 2643 1363 2728 pertulit

73 2749 197 2811 leaenae
217 2747 248 2812 in
269 2770 404 2823 morem,
427 2753 467 2812 ad
486 2749 627 2813 maritum
649 2749 680 2812 in
700 2750 824 2813 foveam
845 2772 913 2814 sese
933 2753 1068 2814 abdens:
1094 2763 1246 2833 natosque
1266 2753 1363 2822 duos,

42 2862 47 2871 '
74 2864 107 2915 ut
126 2851 172 2916 sic
190 2853 321 2938 loquar,
341 2853 463 2931 catulos
482 2854 638 2918 educavit.
679 2854 809 2936 Peperit
823 2856 902 2918 enim
921 2856 1004 2917 tilios
1019 2857 1114 2926 duos,
1135 2874 1269 2935 quorum
1284 2852 1363 2913 alter

72 2956 103 3020 in
132 2959 282 3040 Aegypto
313 2959 477 3033 occubuit,
505 2958 584 3020 alter
610 2980 709 3039 nuper
739 2963 903 3023 admodum
930 2956 1064 3036 Delphis
1095 2954 1257 3018 nobiscum
1282 2952 1363 3027 tuit,

71 3062 196 3126 nomine
224 3063 378 3126 Sabinus:
411 3064 512 3145 Ipsam
541 3062 660 3126 Caesar
688 3062 866 3126 interfecit:
899 3064 953 3122 sed
979 3058 1083 3121 caedis
1109 3078 1227 3138 poenas
1256 3056 1360 3134 dedit,
1397 3082 1399 3087 ·

70 3166 189 3250 exiguo
214 3167 365 3249 temporis
390 3166 490 3248 spatio
517 3179 582 3230 tota
610 3166 708 3248 stirpe
733 3165 831 3250 ipsius
856 3163 994 3227 funditus
1021 3161 1194 3226 interemta.
1235 3161 1360 3225 Nullam

70 3269 152 3334 enim
179 3293 244 3334 rem
271 3274 334 3334 hoc
359 3270 446 3334 lacto
474 3270 646 3336 tristiorem
670 3271 752 3333 istud
780 3269 852 3334 tulit
875 3266 1058 3350 imperium:
1090 3289 1190 3351 neque
1216 3264 1277 3330 fuit
1303 3290 1360 3329 cur

70 3374 165 3437 ullius
190 3373 237 3436 rei
257 3378 433 3455 adspectum
457 3374 555 3463 magis
576 3389 606 3440 ct
627 3375 670 3438 dii
690 3389 720 3439 et
741 3373 823 3459 genii
850 3384 1081 3437 aversarentur.
1121 3371 1359 3436 Miserationem

70 3479 194 3563 quidem
220 3477 429 3560 spectantibus
455 3479 520 3561 ipsa
542 3480 656 3544 exemit
680 3477 929 3563 magnanimitate
952 3500 1005 3540 sna
1029 3492 1060 3542 et
1080 3478 1360 3561 grandiloquentia,

71 3584 184 3669 quibus
205 3583 337 3647 maxime
355 3582 491 3649 irritavit
510 3584 752 3666 Vespasianum.
794 3585 965 3663 Desperata
986 3580 1065 3646 enim
1085 3585 1202 3657 salute,
1225 3596 1359 3647 mortem

69 3711 155 3753 suam
175 3687 447 3753 commutationem
468 3690 610 3753 vocavit:
642 3688 802 3772 dixitque,
829 3687 977 3755 suavius
995 3686 1064 3754 sibi
1075 3685 1193 3765 fuisse
1212 3686 1250 3752 in
1269 3697 1359 3754 tene·

71 3793 146 3860 bris
166 3806 199 3859 et
218 3793 281 3861 sub
301 3804 404 3861 terra
423 3794 555 3869 uiuere,
575 3814 686 3883 quam
707 3793 796 3885 [ipsi
815 3792 966 3879 irnperio
980 3791 1096 3882 potiri
1103 3795 1127 3872 ].

87 3959 318 3973 m

72 4082 105 4140 B.
130 4091 156 4141 8.
191 4084 332 4150 καταδῦσα]
353 4083 409 4141 ΒΕ.
444 4084 544 4160 Vulgo
566 4084 741 4144 καταδύσειαν.
776 4082 907 4141 caradrion
926 4084 994 4142 Ald.
1012 4084 1083 4143 BaS.

72 4173 105 4229 C.
128 4177 154 4231 5.
187 4173 283 4245 ἤνεγκεν
301 4174 336 4219 -ὲ-
354 4174 586 4252 σκυθρωπότερον]
609 4176 693 4249 ἤνεγκε
718 4174 776 4234 τότε
799 4174 933 4249 ἡγεμονίαν
956 4179 1170 4248 σκυθρωποτέρων
1198 4171 1258 4228 ΒΕ.
1285 4171 1354 4230 Ald.

40 4340 46 4351 ¹
219 4267 302 4338 ἤνεγκε
318 4266 334 4337 ἡ
352 4266 409 4325 τότε
423 4267 544 4342 ἡγεμονία
561 4267 773 4343 σκυθρωπῖντερον
792 4269 858 4330 lias.

73 4354 107 4413 C.
130 4364 156 4415 a.
191 4356 312 4431 ἀλλαγὴν]
332 4360 431 4418 Reislt.
451 4363 579 4436 conjecit
597 4361 702 4434 ἀπάγειν
719 4359 767 4418 ὑπὸ
782 4363 835 4432 γῆν.
869 4360 1007 4416 Fortasse
1028 4354 1107 4412 scrb.
1125 4353 1178 4410 ἀλλ’
1196 4352 1275 4426 ἄγειν.

72 4473 105 4533 G.
125 4472 175 4534 ult.
192 4477 329 4545 βασιλεύων
345 4478 450 4556 ἐκεῖνος]
475 4482 519 4536 sic
544 4480 695 4537 emendavi
716 4498 731 4535 e
754 4478 817 4537 ΒΕ.
850 4477 876 4534 Β
896 4477 974 4532 enim
993 4471 1080 4530 habet
1096 4473 1233 4544 βασιλεύων
1249 4463 1351 4542 tascii..
1427 4553 1430 4557 Ι

219 4570 339 4628 Eidem
356 4575 407 4630 scd
424 4592 483 4631 non
498 4575 700 4650 superscripto
717 4597 742 4628 o.
777 4571 844 4628 Ald.
862 4568 998 4640 βασιλεύων
1011 4573 1104 4624 ἐκείνων
1120 4564 1159 4630 ὡς.
1195 4568 1264 4626 lias„
1281 4579 1355 4637 <lone

221 4660 325 4721 utone
343 4673 435 4724 ἐκεῖνον
454 4664 496 4734 ὦς.
528 4668 628 4744 Vulgo
649 4663 818 4740 βασιλεὺωντω
833 4671 937 4724 latium.
