3036 4994
162 192 201 254 τε
517 152 520 161 ’
641 183 970 252 σεοτνΑνΧοτ

114 357 138 412 Ε
163 348 322 433 χαλεπόν,
334 329 384 413 ὀύ
398 347 513 437 θυμῷ,
532 342 613 410 καθ’
625 341 856 432 Ἡράκλειτον·
870 340 906 424 ὅ,
924 368 955 410 τι
972 343 1034 432 γάρ
1053 341 1096 409 άν
1111 340 1256 433 θελήσῃ,
1272 346 1336 412 καί
1355 344 1463 435 ψυχῆς

164 451 291 517 άνεῖτάι
303 454 359 517 καί
372 449 544 537 χρημάτων
562 451 617 513 καί
633 446 737 529 δόξης.
771 446 861 514 Ἐπεί
884 449 915 514 τί
927 446 1145 535 κοσμιώτερον
1163 447 1420 536 Ἰσμηνοδώρας
1434 450 1464 514 έν

165 554 326 646 τῇπόλεις
349 553 427 619 πότε
447 554 482 618 δὲ
494 546 653 632 εἰσῆλθεν
668 548 691 633 ἢ
708 550 804 637 λόγος
818 548 954 639 αἰσχρός
971 550 993 632 ἢ
1010 549 1154 637 πράξεως
1168 549 1463 639 ύπόνοια.φαύλης

168 658 262 743 ἔθιγε
274 660 331 738 τῆς
348 652 471 736 οίκιάςς
495 652 564 720 ἀλλ’
594 653 678 721 έοικε
698 655 781 722 θεία
802 679 851 732 τις
873 655 972 732 ὄντας
999 652 1168 745 εἰληφέναι
1189 655 1249 736 τὴν
1270 653 1463 740 ἄνθρωπον

158 764 335 841 ’έπίπνοια,
357 763 413 825 καὶ
432 757 582 844 κρείττων
601 757 816 846 ἀνθρωπίνου
834 760 1000 844 λογισμοῦ.

246 888 302 972 ιβ’.
341 888 412 952 Καί
432 885 450 952 ό
470 884 660 972 Πεμπτίδης
679 884 886 969 ἐπιγελάσας,
904 885 1028 971 Ἀμέλει
1043 887 1100 951 καὶ
1120 883 1271 969 σώματός
1295 908 1364 966 τις,
1387 883 1466 975 ἔφη,
1500 930 1503 941 ·

167 989 265 1067 νόσος
283 991 387 1070 ἐστὶν,
408 987 449 1068 ἣν
462 991 553 1075 ἱεράν
571 992 740 1055 καλοῦσιν’·
761 988 857 1056 οὐδέν
874 979 933 1057 ούν
953 988 1077 1055 άτοπον
1092 985 1123 1054 εἰ
1138 994 1194 1055 καὶ
1212 990 1328 1082 ψυχῆς
1345 990 1391 1056 τό
1409 1016 1468 1075 μα-

166 1091 342 1158 νικώτατον
361 1089 476 1169 πάθος
496 1097 553 1158 καί
571 1095 736 1178 μέγιστον,
757 1093 845 1179 ἱερόν
863 1097 921 1159 καί
939 1095 1037 1158 θεῖον
1058 1089 1138 1157 ε”νιοι
1152 1092 1470 1181 προσαγορεύουσιν.

115 1208 140 1265 F
159 1186 251 1263 Ἐίτα
272 1191 379 1281 ίίσπερ
400 1197 434 1261 έν
450 1191 604 1286 Αἰγύπτῳ
624 1200 701 1261 ποτέ
726 1195 872 1280 γείτονας
903 1192 1010 1281 ε’·ώρων
1036 1193 1092 1260 δύο
1118 1194 1467 1282 διαμφισβητοῦντας,
1497 1172 1502 1241 ί

169 1298 275 1388 ὄφεως
292 1298 579 1387 προσερπύσαντος
600 1294 646 1376 εἰς
662 1300 721 1379 τὴν
741 1297 837 1376 ὁδόν,
857 1296 1051 1387 άμιμοτέρων
1071 1303 1131 1383 μέν
1153 1296 1295 1380 α’γαθόν
1320 1297 1468 1383 δαίμονα
1499 1290 1504 1325 ²

167 1402 372 1480 καλούντων,
403 1404 554 1492 έκατέρου
580 1402 612 1467 δ’
628 1400 710 1487 ἔχειν
735 1400 901 1481 ἀξιοῦντος
928 1401 969 1478 ὡς
992 1402 1095 1467 ἴδιον·
1124 1396 1224 1478 ούτως
1254 1398 1349 1490 όριῖν
1378 1400 1469 1487 ύμιῖν

66 1532 68 1537 ’
170 1506 244 1594 άρτι
255 1507 327 1584 τούς
337 1513 396 1591 μέν
405 1503 450 1584 εἰς
459 1508 517 1587 τὴν
526 1505 717 1593 ἀνδρωνῖτιν
725 1507 877 1582 ἕλκοντας
886 1506 943 1570 τόν
950 1504 1089 1590 Ἔρωτα,
1098 1504 1172 1581 τούς
1184 1502 1212 1568 δ’
1227 1500 1274 1580 εἰς
1286 1505 1349 1585 τὴν
1358 1529 1471 1590 γυναι-

169 1614 312 1689 κωνῖτιν,
340 1608 499 1698 ὑπερφυές
521 1613 579 1674 καί
603 1610 700 1673 θεῖον
723 1608 876 1691 άγαθόν,
899 1607 965 1672 ούκ
984 1607 1193 1690 ἐθαύμαζον,
1222 1603 1254 1674 εί
1269 1607 1472 1689 τηλικαύτην
1504 1626 1514 1679 ζ.

171 1711 309 1798 δύναμιν
335 1711 407 1798 ἔσχε
434 1716 491 1777 καί
517 1713 613 1795 τιμὴν
639 1712 676 1778 τό
703 1711 834 1791 πάθος,
864 1703 913 1788 οἷς
932 1702 974 1792 ἦν
992 1713 1160 1795 προσῆκον
1180 1708 1364 1790 ἐξελαύνων
1392 1710 1471 1775 αύτό

170 1814 384 1900 πανταχόθεν
402 1820 459 1880 καὶ
478 1814 637 1895 κολούειν,
665 1815 727 1881 ύπό
753 1816 875 1881 τούτων
901 1814 1121 1898 αὐξανόμενον
1139 1817 1197 1879 καί
1217 1812 1472 1898 σεμνυνόμενον.

163 1916 256 2005 Ἄρτι
275 1924 336 2002 μὲν
359 1907 416 1983 ούν
435 1916 571 2003 ἡσυχίαν
589 1909 684 2002 ἦγον·
704 1919 739 1982 έν
757 1917 821 2003 γάρ
842 1914 935 1994 ἰδίοις
948 1920 1076 2003 μᾶλλον
1095 1915 1260 1997 ἢκοινοῖς
1280 1916 1394 2001 εἐύρων
1414 1918 1474 1996 τὴν

105 2042 154 2094 756
171 2021 417 2108 ἀμφισβήτησιν
443 2010 561 2087 οὖσαν·
592 2025 662 2087 νυνί
685 2021 719 2086 δὲ
740 2019 987 2104 άπηλλαγμένος
1005 2021 1161 2103 Πεισίου,
1192 2020 1292 2100 ἡδέως
1313 2018 1358 2086 άν
1381 2020 1473 2106 ύμάν

171 2122 347 2207 ἀκούσαιμι
365 2124 449 2210 πρός
472 2122 503 2188 τί
525 2123 707 2213 βλέψαντες
729 2121 939 2214 άπεηῄναντο
965 2123 1023 2187 τόν
1042 2120 1169 2211 Ἔρωτα
1188 2125 1271 2189 θεὸν
1288 2126 1323 2186 οἱ
1339 2127 1473 2211 πρῶτοι

81 2264 84 2271 -
170 2229 263 2293 τούτο
281 2225 436 2306 λέξαντες.
1239 2248 1243 2255 ’

249 2327 306 2411 ιγ’.·
339 2330 563 2413 Παυσαμένου
586 2330 621 2394 δέ
640 2331 699 2394 τοῦ
721 2329 913 2413 Πεμπτίδου
931 2333 987 2396 καὶ
1007 2333 1065 2395 τοῦ
1083 2331 1211 2418 πατρὸς
1229 2327 1411 2420 ἀρξαμένου
1432 2352 1467 2394 τι

172 2433 246 2519 περὶ
263 2428 385 2495 τούτων
407 2431 527 2511 λέγειν,
554 2431 662 2516 έτερος
676 2421 753 2510 ἧκεν
773 2433 807 2496 ἐκ
828 2431 969 2516 πόλεως,
997 2434 1056 2498 τὸν
1072 2431 1285 2518 Ἀνθεμίωνα
1304 2455 1472 2516 μεταπεμ

172 2533 314 2614 πομένης
329 2534 385 2611 τῆς
400 2529 656 2619 Ἰσμηνοδώρας·
676 2535 811 2598 ἐπέτεινε
830 2536 894 2623 γάρ
911 2534 932 2614 ἡ
947 2537 1089 2622 ταραχὴ,
1108 2541 1165 2602 καί
1184 2540 1250 2603 τῶν
1264 2556 1475 2623 γυμνασιαρ-

170 2637 235 2722 χῶν
251 2623 292 2714 ἦν
306 2634 468 2720 διαφορά,
490 2635 548 2698 τού
566 2641 625 2718 μέν
646 2630 797 2719 οἰομένου
817 2637 884 2701 δεῖν
902 2639 960 2702 τόν
981 2638 1142 2724 Βάκχωνα
1165 2641 1319 2706 ἀπαιτεῖν
1326 2688 1336 2720 ,
1356 2644 1420 2705 τοῦ
1439 2639 1474 2704 δὲ

171 2738 456 2825 πολυπραγμονεῖν
483 2735 541 2800 ούκ
563 2737 686 2814 ἐῶντος.
721 2736 759 2802 ‘0
776 2745 836 2822 μέν
854 2730 912 2805 ούν
930 2740 1114 2825 Ἀνθεμίων
1136 2741 1285 2820 ἀναστάς
1305 2740 1474 2829 ,τ’βάδιζεν·

173 2838 192 2906 ό
212 2840 246 2909 δὲ
265 2839 373 2924 πατὴρ
394 2838 451 2902 τόν
467 2837 659 2921 Πεμπτίδην
676 2837 835 2923 ὀνομαστί
857 2843 1139 2932 προσαγορεύσας,
1159 2843 1325 2928 Μεγάλου
1344 2868 1407 2929 μοι
1423 2845 1475 2909 ‹5⁰-
1512 2892 1514 2921 ,

121 2963 145 3026 13
173 2947 243 3029 κεῖς
257 2937 441 3020 ἅπτεσθαι,
461 2931 563 3021 εἶπεν,
583 2947 641 3007 καὶ
656 2944 849 3030 παραβόλου
869 2946 1075 3031 πράγματος,
1095 2937 1329 3032 ιδΙΙεμπτίδη,
1348 2948 1474 3033 μᾶλλον
1512 2930 1514 3031 ]

172 3049 208 3113 δὲ
228 3041 311 3129 ὅλως
329 3043 371 3109 τά
391 3044 527 3126 ἀκίνητα
544 3050 642 3112 κινεῖν
655 3049 711 3128 τῆς
730 3053 803 3134 περί
817 3051 908 3115 θεῶν
924 3050 1019 3130 δόξης
1033 3048 1076 3131 ,ἢν
1090 3049 1220 3136 ἔχομεν,
1240 3054 1323 3139 περὶ
1339 3049 1474 3117 ἑκάστου
1512 3042 1514 3081 ²

172 3147 272 3233 λόγον
292 3147 437 3217 ἀπαιτεῖν
455 3154 512 3216 καὶ
527 3149 708 3231 ἀπόδειξιν·
729 3150 824 3237 άρκεῖ
839 3154 902 3241 γάρ
922 3153 943 3235 ἡ
963 3154 1100 3242 πάτριος
1115 3159 1173 3220 καί
1191 3154 1328 3221 παλαιά
1350 3154 1471 3231 πίστις,

171 3241 212 3335 ἧς·
226 3247 290 3323 θόκ
310 3248 397 3323 ἔστιν
417 3250 517 3325 εἰπεῖν
536 3252 610 3320 οὐδ’
632 3255 779 3340 άνευρεῖν
795 3257 967 3346 τεκμήριον
986 3261 1232 3345 ἐναργέστερον,

408 3378 487 3446 Οὐδ’
508 3376 541 3447 εί
559 3379 599 3449 δι’
621 3382 725 3470 άκρας
743 3384 780 3449 τό
801 3386 909 3473 σοφόν
928 3382 1059 3474 εύρηται
1078 3386 1216 3479 φρενός,

173 3709 355 3800 ἐπισφαλὴς
369 3713 492 3798 γίνεται
511 3720 593 3790 πάσι
614 3723 671 3787 καί
689 3714 842 3798 ύποπτος.
871 3719 1015 3799 Ἀκούεις
1036 3725 1071 3789 δέ
1091 3720 1196 3804 δήπου
1210 3721 1474 3813 τόνΕύριπίδην,

126 3829 160 3885 0
178 3810 219 3896 ὡς
246 3815 445 3904 έθορνβύθη
474 3819 694 3907 ποιησάμενος
714 3821 818 3912 ἀρχὴν
837 3824 895 3908 τῆς
916 3825 1133 3906 Μελανίππης
1152 3823 1293 3906 ἐκείνης,

369 3944 466 4028 Ζεύς,
487 3941 577 4026 ὅστις
596 3949 739 4018 501sz
759 3947 798 4018 ού
815 3951 879 4038 γάρ
900 3941 976 4016 οἶδα
995 3951 1079 4031 πλὴν
1098 3950 1183 4041 λόγῳ
1205 3988 1243 4009 -

180 4098 393 4117 ——ffl—-F

176 4190 211 4251 Ε.
233 4198 259 4250 5.
294 4201 420 4264 έπίπνοια]
439 4195 595 4270 Wystenb.
613 4216 630 4254 e
647 4198 709 4258 ΒΕ.
745 4198 841 4275 Vulgo
857 4208 964 4257 ἐπίνοια.

177 4284 211 4343 Ε.
226 4295 258 4346 ό.
292 4293 450 4360 Πεμπτίδης]
468 4291 502 4346 Ε.
530 4291 595 4348 Bas.
615 4289 685 4362 Xyl.
703 4296 837 4366 Πεμπῖδης·
853 4291 887 4350 B.
906 4292 973 4350 Ald.
1009 4294 1105 4370 Vulgo
1122 4300 1296 4367 Πεμπτίδιοτ.

178 4376 211 4436 F.
234 4381 259 4437 5.
295 4388 317 4438 ιλ
332 4382 493 4453 τηλικαύτην]
511 4380 704 4456 Wyttenb.›e
722 4382 782 4441 ΒΕ.
819 4383 915 4459 Vulgo
932 4391 984 4443 ἐπεὶ
999 4391 1054 4455 τηλ.
1086 4395 1127 4444 taz
1143 4388 1211 4445 Ald.

177 4470 213 4529 Α.
237 4479 263 4531 4.
298 4479 459 4546 Πεμπτίδου]
478 4472 635 4548 Wyttenb.
654 4493 670 4530 e
687 4473 749 4532 ΒΕ.
767 4474 839 4533 Bas.
858 4476 926 4553 Xyl.
962 4478 1058 4552 Vulgo
1074 4485 1243 4552 Πεμπτιδίου.

176 4566 209 4622 Β.
233 4570 259 4624 5.
296 4565 356 4620 οἶδ’
375 4564 448 4621 ελδέ
466 4564 556 4641 άκρας]
574 4567 635 4625 ΒΕ.
653 4567 755 4640 Eul'ip.
792 4567 888 4644 Vulgo
907 4567 938 4629 ού
955 4567 992 4626 δι’
1010 4568 1097 4642 άκρας.

173 4658 204 4712 Β.
231 4663 256 4715 6.
293 4655 370 4727 αὕτη]
388 4657 518 4720 additum
536 4677 552 4717 e
570 4659 631 4721 BE.
650 4660 694 4718 W
696 4658 808 4734 yuenh.
