3036 4994
169 193 190 255 4
640 184 979 252 HAOYTAPXOY

168 349 324 436 παρῆσαν
344 349 376 412 οῖ
396 344 569 426 συνήθεις,
596 347 631 411 ἐν
650 346 685 410 δέ
710 344 867 422 Θεσπιαῖς
889 334 960 431 εὗρε
979 346 1153 433 Δαφναῖον
1170 345 1229 412 τόν
1247 344 1466 440 Ἀρχεδάμου,

167 451 368 536 Λυσάνδρας
400 450 523 536 ἐρῶντα
549 451 606 528 τῆς
631 448 782 531 Σίμωνος
811 452 868 513 καί
895 446 1041 532 μάλιστα
1072 450 1135 513 τῶν
1159 452 1337 534 μνωμένων
1362 454 1469 536 αύτήν

167 554 400 642 εὐημεροῦντα,
419 557 476 619 καῖ
495 551 675 638 Σώκλαρον
691 553 724 616 ἐκ
750 549 904 636 Τιθόρας
920 545 1044 631 ήκοντα
1060 552 1118 616 τόν
1127 550 1350 639 Ἀριστίωνος·
1370 548 1414 636 ήν
1431 561 1468 623 δὲ

115 672 138 729 C
164 663 221 724 καὶ
249 660 463 746 Πρωτογένης
490 655 508 720 6
540 655 686 743 Ταρσεύς
715 658 771 720 καὶ
795 653 973 733 Ζεύξιππος
996 655 1014 718 6
1040 655 1323 739 Λακεδαιμόνιος,
1357 659 1466 740 ξένοι·

165 763 318 828 Βοιωτῶν
337 762 372 826 δέ
391 759 409 825 6
428 759 536 846 πατήρ
552 757 616 847 έιγη
635 759 699 823 τῶν
717 756 887 843 γνωρίμων
907 759 981 835 τούς
998 757 1167 835 πλείστους
1194 766 1357 847 παρεῖναι.
1397 763 1468 830 Δύο

164 870 224 988 μέν
240 854 298 930 οὖν
314 861 336 943 ἢ
345 867 429 953 τρεῖς
449 861 570 949 ἡμέρας
586 862 669 926 κατά
687 859 798 938 πόλιν,
813 859 855 938 ὡς
870 858 988 938 ἔοικεν,
1008 860 1113 945 ήσυχή
1124 885 1193 938 πως
1203 866 1468 984 γιλοσοεγρῦντες

165 970 200 1033 ἐν
220 972 291 1044 ταῖς
312 965 534 1053 παλαίστραις
561 969 625 1030 καί·-
617 964 699 1045 616
724 967 801 1030 τῶν·
813 960 968 1050 θεάτρων
987 962 1141 1043 ἀλλήλοις
1158 966 1323 1042 συνῆσαν·
1351 965 1468 1035 ἔπειτα

164 1069 336 1160 φεύγοντες
352 1068 553 1170 άργᾷλέόν’
533 1066 644 1150 66666
655 1050 880 1192 κίθαριρδῶν,
892 1062 1068 1150 ’ἐντεύξεσι
1087 1072 1144 1153 ιμει
1168 1071 1326 1189 σγουδαῖς
1352 1096 1468 1158 προει-

163 1174 326 1257 λημμένον
345 1150 515 1292 ἀνέζευξαν
537 1175 568 1237 οἱ
589 1171 717 1248 πλείους
739 1167 845 1257 ὥσπερ
865 1171 899 1235 ἐκ
918 1166 1128 1251 πολεμίας’
1096 1195 1142 1247 εις
1158 1171 1217 1236 τόν
1230 1171 1387 1237 Ἑλικῶνα
1405 1177 1467 1238 καὶ

160 1275 399 1355 κατηυλίσαντο
423 1275 516 1359 παρὰ
541 1278 613 1352 ταῖς
637 1272 805 1350 Μούσαις
837 1268 973 1365 ,Εωθεν
994 1262 1053 1356 666
1075 1271 1212 1365 ᾇιγίκετο
1237 1276 1319 1372 πρός
1334 1270 1466 1353 αύτούς

161 1379 344 1462 Ἀνθεμίων
363 1383 419 1444 καί
436 1378 577 1455 Πεισίας
590 1378 711 1466 ἐἄνδρες
730 1376 875 1456 ἔνδοξοι,
904 1375 1055 1459 Βάκχωνι
1076 1377 1112 1442 δὲ
1129 1379 1173 1467 τῷ
1193 1379 1283 1468 καλῷ
1299 1381 1462 1468 λεγομένῳ

108 1511 136 1567 D
160 1483 392 1603 προσήκοντες,
412 1487 469 1547 καὶ
488 1482 613 1569 τρόπον
632 1483 705 1547 τινά
722 1480 762 1546 δι’
780 1480 910 1548 εύνοιαν
930 1478 1112 1568 άμιγότεροι
1130 1480 1189 1559 τήν
1207 1482 1330 1547 ἐκείνου
1343 1483 1463 1570 διαφε·

160 1584 292 1675 ρόμενοι
308 1584 391 1673 πρός
409 1584 577 1665 ἀλλήλους.
612 1573 674 1649 Ἦν
693 1584 755 1706 γάρ
775 1585 810 1649 ἐν
833 1584 989 1660 Θεσπιαῖς
998 1581 1220 1710 Ἰσμηνοδώρα
1233 1585 1313 1669 γυνή
1330 1585 1461 1676 πλούτῳ

160 1713 218 1753 και
235 1691 319 1772 γένει
339 1689 474 1813 λαμπροί
489 1711 547 1755 και
563 1688 604 1768 νή
623 1687 688 1755 Δία
704 1688 760 1753 τόν
777 1686 920 1808 66666’
894 1687 1043 1764 εύτακτος
1056 1687 1183 1771 βίον·’
1168 1685 1307 1810 εχήρωσε
1323 1688 1386 1789 γάρ
1402 1712 1463 1753 ουκ

161 1789 270 1875 ὀλίγον
287 1789 409 1893 χρόνον
428 1788 505 1856 όίνευ
523 1791 653 1889 ψόγου,
666 1791 783 1876 καίπερ
806 1778 892 1883 οὖσα
914 1791 974 1854 νέα
995 1794 1050 1855 καὶ
1070 1790 1179 1881 ίκαγή
1183 1790 1227 1885 τό
1243 1780 1345 1873 εἶδος·
1365 1815 1410 1880 ρῳ
1396 1793 1462 1857 δέ

158 1886 312 2017 Βάκχωνι
325 1887 457 1980 γίλης”
437 1917 508 1987 ονρι
519 1899 578 1994 και
598 1893 766 1974 συνήθους
785 1893 939 1976 γυναικός
957 1895 1016 1982 υἱῷ
1031 1880 1220 1978 πράττουσα
1236 1891 1343 1978 γάμον
1358 1894 1462 1980 κόρης

159 1998 243 2062 κατά
262 1998 355 2082 γένος
370 1986 600 2119 προσηκούσης
622 1997 657 2061 ἐκ
676 1997 734 2062 τοῦ
753 2000 972 2122 συμπαρεῖναι
991 2000 1048 2061 καὶ
1070 1996 1284 2080 διαλέγεσθαι
1303 1995 1462 2072 πολλάκις

123 2112 128 2123 ’
159 2099 270 2167 ἔπαθε
288 2102 371 2192 πρὸς
394 2101 430 2167 τό
453 2101 624 2223 μειράκιρν
647 2098 743 2180 αὐτή·
780 2103 835 2165 καῖ
865 2099 982 2218 λόγους
1006 2097 1309 2218 φιλανθρώπους’
1288 2097 1460 2182 ακούουσα

158 2229 219 2272 και
237 2205 377 2290 λέγουσα
398 2209 525 2294 περὶ
496 2203 596 2280 αύτού
615 2208 672 2270 καί
691 2201 864 2286 πλήθος
849 2204 961 2295 06666
979 2202 1134 2287 γενναίων
1152 2202 1315 2289 ἐραστῶν,
1337 2196 1391 2278 είς
1418 2201 1458 2265 τό

159 2290 238 2405 ἐρόεν
238 2301 416 2396 προήχθη
435 2313 491 2372 καὶ
508 2284 662 2372 διενοεῖτο
681 2309 763 2395 μηδὲ
765 2329 784 2372 ν
792 2310 906 2389 ποιεῖν
921 2304 1049 2392 άγεννές
1068 2304 1152 2370 άλλά
1168 2305 1334 2427 γημαμένη
1351 2324 1455 2392 6666-

109 2427 134 2484 Ε
161 2415 223 2500 ρῶς
238 2411 491 2533 σγγκαταζῇν
457 2434 501 2474 τω
487 2407 1006 2532 Βάκγιρνι.]1αραδόξουδέτού
1022 2407 1214 2532 πράγματος
1226 2404 1324 2473 αὐτοῦ
1338 2407 1458 2528 ρανέν-

160 2536 240 2634 τος,
255 2507 277 2591 ή
293 2535 325 2576 τε
327 2512 447 2632 μήτηρ
462 2510 521 2600 66
513 2509 631 2597 ωρὶῖτο
647 2535 685 2575 το
674 2510 804 2595 βάρος
822 2514 881 2576 τοῦ
894 2511 985 2577 οἴκου
1002 2517 1058 2578 καῖ
1077 2512 1133 2576 τόν
1151 2508 1250 2597 ὄγκον
1266 2509 1310 2588 ὡς
1324 2508 1362 2574 06
1376 2510 1461 2574 κατὰ

164 2615 222 2681 τόν
237 2607 397 2699 ἐραστήν·
417 2621 518 2689 τινες
515 2614 555 2678 δέ
571 2618 628 2678 καὶ
646 2618 839 2697 συγκυνηγοὶ
862 2617 907 2679 τιδ
926 2616 974 2699 μή
994 2613 1075 2680 καθ
1092 2612 1278 2695 ήλικίαν
1237 2639 1294 2692 της
1309 2615 1463 2697 Ισμηνο-

164 2716 272 2805 διάρας
288 2714 506 2801 δεδιττόμενοι
520 2715 577 2812 τόν
591 2714 752 2800 Βάκχωνα
772 2720 829 2782 καῖ
846 2716 1044 2796 ρκῶπτοντες
1067 2718 1308 2838 ἐργωδέστεροι
1315 2720 1378 2781 τῶν
1394 2714 1463 2779 άπὸ

164 2819 340 2900 σπουδής·’
324 2821 550 2941 ενισταμέγμιν
556 2807 644 2898 ήσαν
652 2818 899 2914 άνυαγωνισταὶ
911 2821 1011 2915 πρὸς
1013 2823 1072 2886 τόν
1087 2820 1232 2907 γάμον
1236 2818 1378 2887 Ὴιδεῖτο
1398 2820 1462 2904 γάρ

109 2910 332 3016 ρέιγήβος”
314 2946 361 2987 εει
375 2917 427 2986 όίν
444 2915 532 3011 γήρα
557 2925 734 3019 συνοικεῖν
762 2923 801 2988 ού
818 2924 885 3008 μήν
904 2923 989 2990 ἀλλά
1011 2925 1087 3002 τούς
1105 2924 1258 3002 ἄλλους
1242 2923 1342 2999 ἐάσας
1361 2947 1464 3045 πριρε·

162 3026 344 3150 γόρήρεέιρ
330 3025 478 3091 Πεισια
498 3030 555 3090 καί
574 3012 618 3090 τά
634 3024 835 3111 Ἀνθεμίωνι
847 3027 1152 3147 βουλεύσασθαι
1117 3052 1156 3093 το
1175 3028 1359 3114 συμφέρον,
1379 3016 1425 3089 όν
1445 3024 1463 3089 6

163 3137 224 3214 μέν
234 3127 387 3218 ἀνεψιός
410 3120 514 3232 αύτού
530 3118 572 3220 ήν
590 3091 871 3217 έτρεσβύτερος,
853 3154 872 3194 ο
900 3131 934 3195 δὲ
960 3130 1100 3207 Πεισίας
1129 3128 1373 3210 αὐστηρότατος
1400 3132 1464 3193 τοῖν

165 3235 323 3353 ἐραστῶν·
344 3233 395 3297 διό
409 3237 491 3297 και
483 3224 565 3319 πρὸς
584 3233 641 3296 τόν
655 3232 767 3317 γάμον
788 3232 982 3320 ἀντέπραττε
997 3258 1054 3299 και
1042 3233 1256 3354 καθήπτετγ
1272 3256 1331 3319 του
1316 3219 1464 3311 Ᾰνθε-

164 3335 285 3426 μίωνος
318 3335 361 3413 ὡς
393 3339 585 3422 προῖεμένου
618 3339 657 3427 τῇ
687 3334 908 3426 Ἰσμηνοδιίρρι
937 3337 974 3401 τό
1003 3337 1224 3427 μειράκιον
1228 3332 1246 3400 6
1277 3337 1356 3406 δὲ
1341 3339 1465 3423 εκεῖνον

167 3439 228 3507 ὀδκ
243 3439 360 3529 ’ὀρθῶς
380 3437 467 3524 ἔλεγε
479 3443 592 3505 ’ποιεῖν
618 3404 703 3503 άλλά
726 3440 768 3503 σά
789 3438 879 3503 ’ἄλλα
902 3440 1046 3525 χρηστόν
1069 3440 1166 3520 ὄντα,
1194 3407 1373 3524 μιμεῖσθαι
1388 3437 1466 3514 τούς

166 3543 314 3666 (γαύλους
331 3543 469 3664 ἐραρτάς
478 3544 573 3608 ὀἴκου
583 3539 644 3608 ’καὶ
656 3541 764 3627 γάμου
775 3547 833 3607 καὶ
845 3542 1045 3631 πραγμάτων
1057 3543 1206 3629 μεγάλων
1220 3542 1467 3629 ἀποστεροῦντα

166 3648 225 3713 τόν
244 3648 356 3735 6606,
385 3641 472 3721 ὅπως
492 3644 645 3725 ἄθικτος
657 3644 742 3734 αύτῷ
761 3647 819 3710 καί
836 3647 955 3732 νεαρὸς
974 3646 1160 3726 ἀποδύοιτο
1172 3640 1324 3715 πλεῖστον
1343 3641 1467 3741 γρρνον

100 3784 153 3838 501
169 3752 204 3816 ἐν
220 3754 294 3826 ταῖς
312 3749 540 3836 παλαίστραις.

246 3878 285 3936 γ.
317 3847 392 3917 Ἵνα
416 3841 479 3916 666
503 3853 548 3936 μή
578 3851 814 3941 παροξύνοντες
844 3853 1003 3936 άλλήλους
1031 3854 1115 3920 κατά
1142 3826 1261 3976 μικρόν
1290 3849 1335 3926 είς
1362 3848 1468 3943 ὀργήν

171 3953 408 4088 προαγάγοιεν,
433 3976 518 4022 ωσπ
505 3980 539 4043 ρ
560 3958 726 4049 διαιτητάς
746 3959 837 4044 ελόμε
826 3980 891 4025 νοι
905 3965 966 4026 καὶ
983 3956 1167 4047 βραβευτὰς
1185 3958 1243 4022 τόν
1262 3956 1389 4041 πατέρα
1410 3959 1470 4020 καὶ

174 4204 259 4285 168.
292 4176 455 4296 λυσίίδρας]
494 4172 648 4297 Wysten6.
676 4245 692 4281 ο
720 4225 846 4284 Leonic.
871 4225 983 4282 Schott.
1011 4225 1089 4284 Μαι..
1112 4224 1224 4281 Amiot.
1247 4233 1277 4278 et
1294 4240 1372 4281 vers.
1393 4221 1467 4294 Xyl.

307 4317 402 4392 Vulgo
419 4325 462 4372 καὶ
478 4319 636 4388 Λύσανδρον.

173 4410 210 4465 D.
234 4414 260 4467 9.
297 4407 402 4480 ἀγεννές]
430 4411 492 4472 ΒΕ.
528 4412 604 4488 Vulo
587 4432 623 4467 00
642 4410 733 4484 όγενές.
1072 4442 1074 4444 ·

174 4502 208 4559 F·
233 4509 259 4561 1·
294 4503 463 4574 παρεχώρησε]
500 4502 658 4579 Wytteuh.
681 4522 700 4562 ἐ
724 4505 794 4566 Βοε.
818 4516 847 4562 et
869 4503 939 4578 Xyl.
968 4504 1151 4641 μεεραγειρήσαι
1176 4502 1252 4562 ΒΕ.Ι
1264 4500 1334 4560 Ald.
1363 4499 1467 4573 Vulgo

308 4608 503 4668 παραχωρεῖται
595 4652 598 4659 ,
