3036 4994
178 160 237 229 tto

245 336 274 392 p.
293 321 341 384 52,
360 322 401 375 16.
435 309 603 392 χρυσοκόμᾳ]
635 314 796 386 χρυσοκόμηε
811 314 899 390 vulgo
923 315 1031 390 Apollo
1053 314 1163 382 dictus,
1184 325 1218 371 ut
1237 312 1330 372 Pind.
1352 311 1472 386 Olymp.

178 410 245 478 vll,
268 417 310 470 ³2.
334 409 386 476 vl,
404 416 448 468 41.
474 428 503 464 v.
522 407 674 480 Musgrav.
696 407 732 464 ad
749 408 820 469 Eur.
842 409 1168 483 lph.Taur.vr.1ao‹t.
1204 407 1331 464 ΒοοοΙιΙι.
1357 403 1473 462 Pindar.

176 502 282 579 fragm.
305 521 336 576 p.
356 506 424 564 630,
442 510 503 556 tum
520 499 667 555 interdum
687 502 751 574 ipse
771 500 881 568 Amor,
899 512 932 558 ut
946 504 1128 560 Anacreonti
1144 503 1250 577 fragm.
1274 496 1356 555 XV.
1385 516 1415 570 p.
1433 500 1470 554 99.

177 596 224 656 etl.
241 595 348 671 Bergk.
367 594 503 652 Ceterum
521 591 624 666 Ζεφύρῳ
643 593 832 651 scribendum
849 597 880 651 in
897 606 990 651 textu.

243 765 273 820 p.
291 752 340 813 52,
360 752 403 803 17.
437 741 519 815 ὑμᾶς]
551 742 618 816 ιἠιλς
634 744 708 800 male
726 762 762 800 ex
779 744 825 800 ed.
839 744 917 800 Frcf.
933 745 1094 801 transierat
1112 745 1143 801 in
1159 743 1259 800 Reisl.
1296 741 1401 817 Recte
1418 739 1473 814 ὑμᾶς

178 838 224 895 cd.
242 839 336 913 prior.
357 838 514 894 restituere
534 837 693 911 Wyttenb.
712 850 742 894 ct
758 838 877 894 Hutten.
895 837 993 897 Reisk.
1013 837 1107 894 voluit
1123 843 1166 892 καὶ
1181 836 1301 893 ἐνταῦθα
1314 832 1400 907 ἡμᾶς.

244 1006 275 1062 Ρ.
292 992 338 1054 52,
358 993 400 1046 19.
435 985 500 1060 πρός
514 993 542 1042 τί
556 987 623 1061 γὰρ]
657 985 721 1060 πρός
735 1010 761 1042 τι
775 987 825 1061 γὰρ
841 987 910 1044 ΑΙιΙ.
929 985 999 1045 Bas,
1033 986 1068 1042 Iu
1092 985 1196 1042 iisdem
1220 994 1292 1059 post
1320 986 1414 1056 ἕτερον
1436 983 1474 1039 la·

178 1097 270 1147 euna,
289 1079 342 1137 sed
356 1081 417 1153 jam
432 1079 587 1152 Xylaudro
604 1079 647 1136 nil
664 1079 766 1137 deesse
784 1081 890 1138 visum.
926 1079 1003 1135 Tum
1022 1080 1054 1135 in
1071 1097 1134 1135 mea
1154 1076 1223 1134 edit.
1242 1074 1374 1144 οἷκοίιεικ,
1390 1096 1474 1135 excu-

180 1172 307 1235 dendum
324 1185 397 1230 crat.

248 1343 278 1404 p.
296 1330 346 1390 so,
363 1330 409 1382 21.
443 1321 526 1387 ὄφεως
541 1315 650 1392 πόθος]
683 1322 812 1390 Nescio,
831 1341 869 1378 au
890 1342 950 1381 uon
971 1324 1076 1379 vitiose
1094 1324 1137 1380 sie
1153 1323 1279 1395 trajecta
1302 1323 1372 1379 sint
1392 1320 1476 1380 verba

180 1421 212 1476 in
223 1419 302 1475 hunc
315 1417 451 1473 ordinem
462 1414 638 1490 redigenda:
657 1412 791 1477 ἀνάκλασις
807 1414 889 1483 δήπου
905 1419 950 1477 τός
963 1413 1045 1484 ὄψεως
1060 1423 1113 1473 ἔστι
1127 1414 1157 1471 τό
1172 1421 1229 1484 περὶ
1245 1414 1294 1485 τὴν
1313 1419 1369 1487 ἶριν
1385 1413 1476 1477 πόθος

179 1508 373 1568 REISKIUS.
409 1506 468 1563 Sed
486 1507 554 1563 vide
571 1506 649 1565 Plut.
667 1506 702 1563 de
720 1508 795 1563 facie
813 1509 845 1563 in
864 1506 936 1563 orbe
951 1509 1038 1563 lunae
1057 1528 1086 1582 p.
1101 1513 1152 1568 920
1169 1508 1202 1567 C.
1221 1505 1238 1563 ό
1258 1512 1346 1579 λίνων
1364 1509 1399 1565 τὸ
1417 1533 1477 1580 φοι·

177 1601 281 1674 νόμενον
298 1605 363 1661 εἶδος
378 1607 403 1655 Ιν
418 1601 448 1670 τῇ
465 1598 554 1671 σελήνη
575 1598 688 1661 πόθος
706 1604 770 1654 εἶναι
788 1597 901 1670 ὄφεως.
937 1600 979 1654 De
999 1620 1070 1657 arcu
1086 1600 1206 1672 caelesti
1222 1599 1298 1675 quid
1321 1603 1427 1659 visum
1444 1604 1478 1658 sit

179 1691 343 1758 veteribus,
368 1691 529 1748 declaravit
545 1690 621 1746 Plut.
642 1690 676 1745 de
695 1691 794 1764 placit.
811 1691 918 1764 philos'.
938 1692 999 1758 ill,
1024 1700 1048 1750 5.
1068 1712 1098 1766 p.
1117 1701 1179 1752 894.
1196 1693 1233 1748 dc
1254 1694 1338 1751 facie
1357 1696 1392 1751 in
1408 1693 1477 1753 orbe

179 1787 265 1842 lunae
282 1805 312 1860 p.
330 1791 378 1844 921
397 1785 435 1840 Α.
466 1781 547 1857 ὥσπερ
564 1779 610 1838 οὖν
626 1781 683 1852 τὴν
699 1788 771 1856 ἶριν
787 1791 874 1840 οἴεσθε
891 1779 960 1858 ὑμεῖς
979 1779 1219 1858 όνοκλυμίνης
1236 1793 1290 1842 ἐπὶ
1307 1787 1373 1843 τόν
1388 1787 1478 1858 ἥλιον

178 1880 230 1949 τῆς
248 1876 351 1949 όφεως
367 1877 506 1950 ἐνορᾶσθαι
523 1877 563 1945 τῷ
588 1884 683 1948 νέφει
702 1875 806 1947 λαβόντι
821 1876 958 1951 νοτερὰν
974 1876 1077 1949 ἡσυχῆ
1096 1880 1257 1949 λειότητα
1276 1887 1326 1936 καλ
1344 1881 1362 1915 ‘²
1382 1888 1427 1946 ειν.
1443 1882 1476 1938 de

178 1972 250 2030 Isid.
274 1983 303 2028 et
326 1971 405 2030 Osir.
430 1991 459 2046 Ρ.
479 1969 579 2029 tstF.
606 1972 724 2079 καθάπερ
748 1978 773 2026 οἱ
793 1978 973 2043 μαθηματικοὶ
995 1971 1040 2042 τὴν
1068 1970 1135 2045 ἶριν
1158 1981 1308 2045 ἔμφασιν
1335 1980 1402 2031 εἶναι
1420 1998 1474 2030 του

178 2064 277 2136 ηλίσιι
292 2071 392 2136 λίμουσι
407 2069 666 2136 ποικιλλομένην
681 2065 718 2140 τῇ
735 2065 815 2140 πρὸς
829 2063 865 2121 τό
882 2074 981 2138 νίφος
998 2062 1207 2159 ἀναχωρήσει
1223 2066 1350 2133 (Reisk.
1368 2067 1474 2125 ἆνακλό·

179 2160 283 2227 σει)
246 2183 302 2230 της
318 2157 431 2230 ὅψεως.

245 2329 274 2384 Ρ.
293 2315 341 2375 52,
359 2316 402 2368 22.
435 2307 535 2378 πόχσς]
569 2307 657 2371 πόθος
678 2307 713 2365 Β.
738 2308 773 2366 Ε.
796 2308 866 2365 ΑῙιΙ.
891 2309 958 2382 Bas.
993 2308 1039 2366 Ex
1055 2308 1160 2365 iisdem
1177 2308 1258 2367 iufra
1277 2309 1358 2370 dedi
1380 2311 1465 2388 Ινιρςό-

178 2425 251 2472 σηται
268 2420 323 2477 pro
341 2401 419 2477 vulg.
436 2401 605 2474 ίνεργιλζηται.

243 2571 272 2625 p.
291 2556 338 2619 5⁹,
355 2557 399 2612 25.
432 2550 568 2623 μηχάνημα
584 2553 627 2605 καλ
643 2549 773 2621 σόφισμα]
808 2549 885 2606 Plut
901 2547 1002 2623 Symp
1021 2549 1141 2621 Quaest.
1154 2549 1210 2616 VI.
1230 2560 1258 2616 7.
1276 2560 1308 2612 l.
1328 2575 1362 2627 p
1375 2554 1468 2614 69ΙΙ).

177 2642 241 2699 ἄλλα
263 2641 409 2715 σόφισμα
432 2642 509 2698 τουτό
533 2650 599 2698 ἔστιν
623 2637 710 2703 αὐτοῖς
734 2645 778 2696 καλ
797 2640 1011 2712 μηχάνημα
1004 2648 1169 2706 πολυποσίας
1205 2645 1358 2703 Ceterum
1380 2647 1468 2704 Reisk.

176 2749 280 2794 nostro
296 2736 363 2791 loco
381 2735 475 2791 voluit
493 2731 599 2790 scribi.
616 2733 717 2787 τοιοῦτο
736 2732 766 2802 δὴ
788 2738 831 2788 καλ
851 2731 881 2786 τό
905 2730 1055 2806 ἐρωτικὸν
1039 2757 1067 2789 ον
1084 2732 1243 2807 μηχάνημα
1238 2768 1290 2796 -,-.

243 2907 272 2961 p.
292 2890 342 2950 52,
360 2890 403 2944 29.
439 2901 521 2954 ωσπερ
538 2889 564 2938 ἓν
580 2877 745 2953 κατόπτροις]
764 2880 890 2938 Phaedr.
909 2900 939 2956 p.
957 2887 1007 2942 255
1025 2882 1104 2940 D.⁰
1082 2907 1183 2955 ωσπερ
1201 2888 1230 2940 δλ
1247 2892 1280 2941 ἐν
1300 2889 1468 2967 καςόηςρρ

175 2986 206 3035 λν
222 2980 263 3048 τῷ
280 2975 397 3050 apolon
414 2975 503 3031 ἔαυτόν
520 2970 585 3046 όροῖν
600 2978 701 3044 λέληθε.

176 3201 180 3207 ¹
242 3161 272 3216 p.
291 3147 343 3206 52,
364 3147 406 3199 λι.
442 3137 528 3194 ὁτοῦ
553 3135 676 3206 Ἰξίονος]
719 3130 769 3196 Sic
792 3140 945 3197 emendavi
970 3160 987 3198 a
1012 3160 1075 3198 mea
1101 3144 1272 3213 coniectura
1305 3148 1466 3225 vulgatam.

175 3234 254 3289 omni
276 3250 365 3286 sensu
382 3248 507 3296 cassam,
525 3228 539 3284 ὁ
556 3231 603 3286 τοῦ
619 3236 741 3299 πλείονος,
760 3251 927 3308 quanquam
945 3251 982 3288 ne
1002 3236 1121 3291 minima
1143 3236 1263 3311 quidem
1281 3241 1357 3297 vitii
1375 3242 1467 3315 suspi·
1506 3256 1509 3265 ·

174 3329 220 3383 cio
250 3327 426 3398 interpretes
455 3323 560 3398 tetigit.
611 3323 705 3395 Quam
732 3343 803 3380 vero
829 3327 915 3382 facile
945 3332 1100 3385 ΙΞΙΟΝΟΣ
1121 3331 1250 3385 transire
1276 3326 1418 3405 potuerit
1441 3335 1466 3388 in

171 3422 379 3495 ΠΛΕΙΟΝΟΣ,
399 3434 544 3490 nonopns
563 3427 609 3472 est
627 3417 726 3473 multis
745 3418 957 3478 demonstrare.
993 3421 1151 3494 Comparat
1169 3417 1355 3483 Plutarchus
1378 3428 1465 3483 homi·

172 3529 314 3576 naseos,
342 3511 392 3585 qui
416 3510 447 3565 in
464 3507 636 3565 mulieribus
652 3520 681 3565 et
700 3512 800 3583 pueris
820 3521 958 3586 tanquam
976 3514 1007 3567 in
1029 3513 1157 3586 speculis
1175 3513 1273 3587 pulcri
1295 3535 1465 3592 expressam

171 3605 328 3679 imaginem
346 3613 554 3658 consectantur
574 3613 603 3657 et
622 3603 846 3677 apprehendunt
867 3604 918 3660 sed
942 3605 1016 3661 nihil
1040 3604 1174 3662 stabilius
1194 3605 1354 3683 voluptate
1376 3610 1466 3668 dolori

170 3698 316 3771 permixta
333 3697 475 3770 consequi
492 3705 632 3769 possunt,
651 3715 717 3751 cum
734 3697 878 3771 vertigine
898 3707 926 3751 et
942 3715 1042 3752 errore
1058 3697 1187 3764 Ixionis,
1207 3700 1258 3774 qui
1274 3720 1337 3773 pro
1352 3704 1465 3761 Junonc
1507 3700 1509 3707 '

171 3786 345 3843 nubeculam
367 3787 518 3861 amplexus
540 3794 600 3853 est,
624 3789 774 3862 quomis,
804 3789 854 3862 qui
875 3806 944 3844 vere
962 3799 992 3844 ct
1009 3791 1135 3862 ingenue
1148 3802 1252 3857 amat,
1281 3793 1322 3850 ah
1341 3797 1466 3854 humana

170 3880 207 3935 ad
228 3880 386 3934 coelestem
409 3879 528 3953 solaque
550 3889 646 3935 mente
679 3879 875 3935 contuendam
903 3879 1130 3953 pulcritudinem
1164 3879 1352 3942 reflectatur.
1391 3888 1466 3947 Usus

170 3981 216 4027 est
232 3971 406 4028 Plutarchus
424 3969 472 4026 illa
491 3972 710 4044 comparatione
728 3970 912 4040 emmelim,
931 3991 959 4028 v.
979 3991 1006 4029 c.
1025 3973 1111 4047 Agid.
1128 3993 1154 4033 ο.
1174 3974 1198 4033 Ι.
1217 3972 1263 4030 οὔκ
1281 3975 1394 4044 deinoi
1409 3988 1467 4042 συὶς

169 4061 228 4120 οόδὲ
251 4061 351 4136 φαόλως
369 4048 598 4136 συμιιςῖσθαιιπρός
621 4062 682 4126 τοόις
703 4064 853 4137 φιλοδόξους
875 4063 1013 4121 ὖπονοοῖισι
1033 4066 1140 4142 τόνιίιιὶ
1161 4067 1202 4138 τη]
1227 4065 1344 4130 Ἰξίονι
1362 4074 1467 4144 μῦθον,

169 4153 203 4220 ὦς
223 4155 253 4226 δι]
275 4155 414 4224 λαβόντι
429 4153 488 4227 τὴν
503 4154 640 4230 νεφελόςν
656 4153 731 4211 όντλ
746 4158 802 4227 τῆς
815 4156 917 4230 Ἥρας
939 4165 983 4214 nul
1001 4160 1051 4214 τόν
1066 4157 1206 4234 κενιαόρων
1222 4157 1304 4226 οὕτως
1320 4175 1468 4237 wopam.

169 4256 236 4305 nal
228 4250 277 4322 ἀρ
295 4247 367 4305 olco.
382 4250 427 4317 της
446 4245 534 4320 αρετῆς
550 4246 644 4358 οἵσπερ
650 4244 741 4317 εἰδώλῳ
757 4254 848 4303 τινλι
825 4272 854 4322 τη
843 4248 932 4322 δόξης
950 4247 1063 4315 συνόντες
1079 4250 1152 4307 olata
1168 4257 1297 4326 εἰλικρινὲς
1314 4253 1418 4313 ουδΗ
1400 4282 1468 4332 αμο-

170 4348 305 4414 λυςημίυον
322 4340 386 4397 ἀλλὰ
402 4337 475 4397 νόσω
490 4348 533 4398 καί
550 4364 627 4413 ματα
646 4339 728 4397 πολλὰ
743 4338 904 4414 πράττουσα.
939 4341 1012 4399 Cum
1032 4342 1219 4453 principibus
1242 4362 1311 4403 esse
1310 4350 1469 4433 philoso-
1497 4380 1509 4427 Ιι

169 4434 369 4508 phandump.
387 4435 489 4493 wll.
518 4429 571 4488 αλλ
593 4431 665 4490 οὗτοι
685 4439 742 4505 μὲν,
761 4429 833 4497 ὦςό
848 4430 951 4497 Ῑξίων
971 4434 1096 4491 διώκων
1115 4434 1172 4511 τὴν
1190 4435 1298 4510 Ilpa&
1320 4438 1468 4502 ωλισθει

170 4532 200 4586 ἐς
218 4526 276 4594 τὴν
295 4532 452 4597 νεφέλην
475 4525 554 4591 οὕτως
569 4525 688 4598 ἄσωτος
707 4532 792 4599 φιλίας
810 4532 921 4589 εἴδωλον
934 4525 1065 4599 όπατηλόν
1082 4531 1125 4585 καλ
1141 4531 1314 4607 πανηγυρικόν
1330 4541 1380 4594 καλ
1394 4561 1467 4613 περι-
