3036 4994
174 206 212 271 λλ
652 197 983 267 ΠΛΟΥΤΑΡΧΟΥ

175 359 258 445 αύτη
277 365 431 451 λεγομένη
447 365 503 430 καί
522 359 676 446 πολεμικὴ
695 363 794 427 παντί
813 353 949 441 δῆλον”
929 381 979 424 οτι
1005 380 1049 421 τω
1035 351 1173 446 θεώ
1154 351 1281 422 ανίιται
1303 357 1371 422 καὶ
1391 356 1473 440 βακ-

179 465 306 572 γεύεται

369 567 491 654 ἀχορον
509 564 670 650 ἀκίθαριν
689 546 909 651 δακρυογόνον
920 561 1005 650 ’Ἁρη

325 671 464 737 Βοάν
482 672 509 735 τ’
527 667 668 753 ἔνδημον
690 667 905 748 ἐξοπλίζουσα,

110 812 160 867 759
176 769 331 867 Λείπεται
353 800 445 864 δέ.
406 822 462 878 της
481 796 691 880 ἐξαλλαγῆς
677 818 711 861 εν
727 790 894 882 ἀνθρώπῳ
914 794 967 857 καί
988 814 1201 878 παρατροπης
1220 789 1284 858 ούκ
1311 790 1466 883 ἀμαυρόν

174 900 287 968 0666‘
272 905 442 987 ησνχαῑον,
471 888 497 965 ώ
523 901 688 989 Δαφναῖε,
713 897 849 984 μόριον,
873 896 952 984 ύπὲρ
974 884 1012 961 ού
1036 895 1197 982 βούλομαι
1216 902 1355 965 τουτονὶ
1379 901 1467 985 Πεμ·

176 1006 293 1088 πτίδην
311 1006 468 1093 ἐρέσθαι,

373 1133 431 1210 Τίς
449 1129 669 1220 καλλίκαρπον
687 1127 858 1216 θύρσον’
838 1127 981 1196 ανασείει
1002 1129 1107 1206 θεών,

174 1259 233 1326 τόν
257 1261 427 1348 φιλητικόν
455 1262 569 1326 τούτου
595 1264 670 1347 περὶ
695 1261 817 1336 παῖδας
841 1256 993 1344 ἀγαθούς
1018 1259 1075 1323 καὶ
1101 1254 1276 1346 σώφρονας
1305 1265 1469 1385 γυναῖκας

175 1354 423 1449 ἐνθουσιασμόν
450 1363 534 1429 πολύ
559 1361 800 1451 δριμύτατον
781 1383 861 1426 οντα
889 1364 946 1427 καὶ
975 1358 1193 1482 θερμότατον.
1232 1357 1288 1426 Ἠ
1313 1362 1385 1450 γὰρ
1414 1362 1472 1449 ούγ

177 1465 286 1556 ὁρᾷς,
311 1465 353 1542 ώς
380 1464 399 1532 6
422 1471 483 1551 μὲν
509 1464 705 1553 στρατιώτης
731 1464 772 1530 τά
799 1459 885 1529 ὅπλα
910 1465 986 1540 θεὶς
1011 1465 1172 1529 πέπανται
1195 1465 1254 1546 τῆς
1279 1467 1509 1554 πολεμικῆς
1504 1488 1511 1581 Ι

178 1568 318 1651 μανίας,

886 1693 943 1736 τον
928 1667 1060 1754 μέν’
1041 1686 1150 1735 επειτα

371 1775 406 1841 Γ
403 1773 567 1856 ηθόσυνοι
585 1774 787 1866 θεράποντες
806 1773 860 1842 ἀπ’
883 1775 977 1860 ώμων
995 1773 1095 1860 τεύχε’
1116 1776 1244 1857 ἕλοντο,

179 1903 234 1966 καὶ
259 1898 407 1982 κάθηται
431 1903 494 1968 τών
518 1903 624 1968 ἀλλων
647 1901 807 1987 ἀπόλεμος
829 1900 971 1982 θεατὴςς
1000 1905 1092 1966 ταυτὶ
1118 1902 1153 1966 δέ
1176 1902 1218 1967 τά
1241 1904 1388 1992 βακχικὰ
1414 1912 1471 1975 καλ

128 2020 155 2077 Β
182 2005 397 2091 κορυβαντικὰ
418 2003 637 2094 σκιρτῆματα,
662 2006 722 2071 τόν
739 2003 873 2095 ῥυθμόν
892 2002 1148 2089 μεταβάλλοντες
1173 2006 1208 2071 ἐκ
1232 2009 1392 2095 τροχαίου
1413 2016 1470 2077 καλ

177 2106 216 2172 τό
240 2110 335 2191 μέλος
360 2108 393 2173 έκ
425 2110 570 2197 Φρυγίου
595 2107 777 2196 πραΰνουσι
802 2111 859 2173 καί
887 2106 1147 2173 καταπαύουσιν·
1178 2108 1220 2188 ώς
1245 2107 1279 2175 δ’
1304 2106 1417 2191 αύτως
1447 2112 1469 2195 ἡ

79 2252 83 2259 ·
178 2210 300 2276 Πυθία
319 2212 377 2276 τού
396 2210 549 2295 τρίποδος
568 2213 692 2294 ἐκβᾶσα
711 2212 845 2277 καὶτοῦ
863 2209 1045 2295 πνεύματος
1067 2212 1101 2276 ἐν
1122 2212 1241 2305 γαλύνη
1258 2217 1314 2279 καλ
1338 2212 1466 2307 ἡσυχίᾳ

179 2315 325 2379 διατελεῖ.
367 2315 435 2394 Τίμ
458 2315 492 2379 δέ
513 2316 665 2402 ἐρωτικὴν
687 2314 811 2400 μανίαν
835 2319 893 2380 τού
915 2313 1097 2401 ἀνθρώπου
1115 2316 1356 2401 καθαψαμένην
1375 2315 1461 2396 ἀλη-

177 2416 252 2490 θώς
270 2418 325 2478 καὶ
344 2415 585 2496 διακαύσασαν,
606 2417 645 2482 ού
662 2415 784 2481 Μούσά
803 2440 851 2494 τις
871 2415 928 2482 οὐκ
948 2416 1054 2507 ἐπῳδὴ
1069 2417 1277 2506 θελκτήριος,
1300 2416 1339 2485 νύ
1357 2415 1465 2484 τόπου

177 2517 342 2599 μεταβολὴ
365 2519 582 2598 καθίστησιν·
608 2517 766 2584 ἀλλὰκαὶ
786 2517 944 2606 παρόντες
965 2521 1060 2608 ἐρώσι
1078 2524 1136 2587 καί
1160 2520 1298 2599 ἀπόντες
1317 2522 1468 2587 ποθοῦσι

179 2622 236 2683 καὶ
247 2619 326 2701 μεθ’
340 2618 466 2706 ἡμέραν
480 2618 631 2685 διώκουσι
650 2625 707 2684 καὶ
716 2620 838 2708 νύκτωρ
856 2622 1072 2707 θυραυλοῦσι,
1086 2626 1142 2689 καί
1153 2623 1315 2713 νήφοντες
1327 2626 1468 2692 καλούσι

57 2766 70 2789 .
180 2721 256 2798 τούς
275 2723 395 2799 καλούς
413 2727 470 2787 καὶ
488 2722 633 2799 πίνοντες
650 2721 778 2813 ᾄδουσι.
803 2723 873 2789 Καὶ
893 2723 966 2811 οὐχ,
990 2720 1032 2802 ώς
1049 2749 1097 2804 τις
1117 2714 1220 2794 εἶπεν.
1241 2730 1277 2793 αί
1300 2731 1467 2808 ποιητικαὶ

129 2849 152 2907 c
182 2824 362 2913 φαντασίαι
383 2824 438 2889 διὰ
458 2823 516 2904 τὴν
531 2823 702 2913 ἐνάργειαν
721 2825 940 2913 ἐγρηγορότων
957 2825 1087 2892 ἐνύπνιά
1107 2831 1189 2895 εἰσιν
1195 2878 1204 2909 ,
1230 2828 1318 2896 ἀλλά
1338 2832 1470 2913 μᾶλλον

181 2931 218 2994 αλ
235 2932 298 2994 τών
315 2927 473 3015 ἐρώντων,
496 2929 729 3014 διαλεγομένων
748 2927 791 3006 ώς
808 2930 890 3017 πρός
904 2929 1084 3019 παρόντας,
1104 2931 1356 3020 ἀσπαζομένων,
1376 2934 1466 3021 ἐγκα-

180 3029 331 3102 λούντων.
366 3029 414 3095 Ἡ
424 3032 487 3120 γὰρ
502 3030 579 3122 ὄψις
591 3029 674 3097 ἔοικε
689 3032 747 3110 τὰς
761 3038 822 3115 μέν
836 3031 938 3112 ἄλλας
952 3035 1139 3124 φαντασίας
1152 3036 1201 3128 ἐφ’
1215 3035 1330 3124 ύγροῖς
1347 3037 1466 3123 ζωγρα-

184 3137 272 3220 φεῖν,
302 3132 383 3218 ταγύ
405 3136 649 3221 μαραινομένας
670 3138 727 3201 καὶ
752 3133 989 3213 ἀπολειπούσας
1013 3137 1072 3216 τὴν
1095 3134 1256 3203 διάνοιαν·
1287 3142 1327 3204 αί
1349 3141 1389 3205 δέ
1406 3140 1467 3205 τών

181 3237 347 3323 ἐρωμένων
371 3232 490 3314 εἰκόνες
515 3234 566 3303 ὑπ’
590 3234 690 3317 αὐτῆς
713 3226 785 3302 οἷον
807 3237 841 3302 ἐν
860 3237 1038 3324 ίγααύμασι
1055 3239 1264 3330 γραφόμεναι
1285 3243 1346 3308 διὰ
1364 3243 1468 3334 πυρός

182 3340 298 3405 εἴδωλα
318 3344 389 3417 ταῖς
409 3339 552 3425 μνήμαις
574 3338 821 3406 ἐναπολείπουσι
838 3338 1012 3426 κινούμενα
1035 3347 1092 3408 καὶ
1115 3345 1216 3424 ζώντα
1235 3349 1293 3412 καὶ
1315 3345 1466 3436 φθεγγύ·

178 3464 261 3528 μενα
279 3448 335 3509 καὶ
355 3445 584 3566 παραμένοντα
599 3441 657 3508 τόν
679 3441 779 3508 ἄλλον
799 3442 927 3530 χρόνον.
960 3444 1129 3529 Ὁμέν
1090 3471 1156 3573 γαρ
1172 3449 1343 3571 Ρωμαῑος
1340 3449 1468 3518 Κάτων

181 3543 265 3631 ἔλεγε
291 3548 351 3626 τὴν
374 3546 485 3636 φυγὴν
502 3547 561 3611 τού
586 3546 721 3635 ἐρῶντος
742 3547 1031 3613 ἐνδιαιτᾶσθαι
992 3571 1031 3639 τη
1056 3551 1114 3613 τού
1140 3550 1321 3675 ἐρωμένου·
1352 3558 1414 3621 καί
1431 3554 1468 3645 τό

130 3675 161 3732 1)
187 3639 271 3728 εἶδος
295 3638 367 3715 266
373 3650 412 3715 τό·
434 3639 522 3729 ἦθος
547 3653 603 3714 καὶ
628 3648 647 3714 ό
668 3649 740 3732 βίος
758 3653 815 3715 καί
838 3675 875 3719 αι
865 3648 1077 3739 ’πρόξεις,’
1059 3651 1115 3741 αφ’
1142 3642 1187 3718 ὧν
1211 3652 1376 3763 ἀγόμενος
1377 3640 1473 3783 ταχύ

181 3756 331 3844 συναιρεῖ
350 3754 474 3834 πολλὴν
500 3751 640 3840 ὁδόν,
624 3748 727 3872 ώσπερ
753 3757 786 3819 06
809 3755 945 3820 Κυνικοί
971 3755 1097 3839 λέγουσι
1122 3755 1277 3824 σύντονον
1306 3759 1396 3851 ομού
1421 3764 1472 3827 καί

179 3858 341 3942 σύντομον
371 3855 538 3945 εύρηκέναι
565 3856 699 3944 πορείαν
731 3855 776 3923 ἐπ
810 3855 947 3945 ἀρετήν·
994 3861 1050 3923 καὶ
1080 3857 1142 3944 γὰρ
1174 3859 1225 3924 ἐπὶ
1257 3860 1320 3941 τὴν
1355 3864 1472 3948 φιλίαν

180 4006 564 4032 ..................
578 3958 731 4046 καθάπερ
752 3960 803 4024 ἐπὶ
820 3958 961 4041 κύματος
973 3962 1031 4024 τού
1044 3959 1177 4037 πάθους
1193 3955 1263 4044 όίμα
1280 3962 1356 4053 θεῷ
1376 3988 1472 4053 φερα-

179 4067 273 4151 μένη·
292 4067 371 4149 λέγω
389 4066 429 4143 66
445 4064 642 4153 κεφάλαιον,
670 4062 711 4140 ὡς
727 4062 797 4128 ούτε
810 4061 988 4129 ἀθείαστον
1006 4062 1024 4127 ύ
1047 4068 1108 4129 τών
1124 4063 1266 4149 ἐρώντων
1288 4066 1473 4133 ἐνθουσια-

182 4302 219 4364 F.
243 4306 268 4360 7.
302 4301 441 4373 ἄχορον-
411 4302 634 4365 -ιεοπλίςνυνιθ
661 4297 845 4354 emendatum
859 4316 895 4354 ex
912 4298 1071 4373 Aeschylo.
1099 4298 1327 4376 ννΙςοάχαρα,
1345 4297 1473 4378 ἀκίθαριν

317 4394 348 4450 τίκ
365 4395 471 4465 γονον
497 4389 530 4467 ἀρ
548 4393 643 4448 Βτότε
659 4393 741 4463 δῆμον
756 4395 943 4456 ἐξοπλίζουσαν.

183 4488 222 4543 Α.
246 4494 272 4543 4.
306 4495 344 4548 τίς
358 4492 524 4558 καλλίκαρπον
538 4485 650 4561 θύρσον]
669 4504 706 4540 ex
720 4502 784 4556 mea
800 4485 980 4557 conjectura.
1013 4485 1143 4562 Vulgo
1159 4492 1187 4543 τί
1200 4487 1216 4520 ‘²
1235 4487 1454 4564 καρπουθύρννν.

183 4584 222 4638 Α.
244 4582 270 4638 5,
307 4579 445 4648 φιλητικόν]
462 4579 524 4639 ΒΕ.
542 4578 618 4635 Mez.
636 4566 789 4650 Wyttenb.
823 4574 922 4650 Vulgo
940 4576 1072 4650 φιλιτικόν,

181 4672 212 4729 C.
235 4676 261 4731 1.
296 4656 436 4746 ἐνάργειαν]
454 4671 621 4734 Victorius.
653 4671 754 4748 Vulgo
771 4676 912 4743 ἐνέργειαι.Ι
