3036 4994
1287 174 1350 237 etl·

127 347 156 402 p.
174 333 224 393 66,
243 330 287 388 11.
321 327 375 399 ἅμα
390 327 475 395 καλῆς]
494 326 599 383 Bionis
610 325 728 383 dicterii
744 325 881 381 facetiam
896 329 1098 406 unusquisque
1115 328 1200 385 facile
1218 347 1343 404 persen-

58 421 155 478 tiscet.
190 418 301 477 Verbis
318 439 353 476 ac
371 421 469 495 specie
487 438 548 474 non
567 437 600 475 re
621 416 721 474 differt
743 417 815 474 illud
833 417 1060 491 Borysthenitne
1079 421 1232 496 sophistae
1250 423 1345 481 dicte-

58 515 153 579 rium,
180 512 361 589 quodmodo
381 531 417 568 ex
442 511 569 570 Stolraeo
595 513 739 580 excitavi,
768 512 820 567 ubi
837 521 887 567 aut
903 510 1058 571 delendmn
1073 526 1118 570 est
1134 513 1163 570 τὸ
1180 516 1270 581 κάλλος
1294 529 1345 575 ant

59 605 246 661 scribendum
259 608 306 677 φεῦ
319 607 363 675 τοῖς
376 603 451 676 καλῆς
462 609 615 678 τυραννίδος.
633 604 692 662 Sed
705 615 807 661 nostro
820 607 851 660 in
865 603 932 660 loco
946 606 1141 679 importunam
1152 609 1230 666 illam
1241 631 1344 668 rocem

58 697 118 769 ἅμα
138 699 325 754 τελειότατον
348 697 467 754 turbare
485 699 665 765 orationem,
684 699 813 772 pervidit
830 699 944 772 primus
960 698 1113 768 Reislrius‚
1132 704 1181 776 qni
1201 706 1345 761 excidisse

57 803 125 866 post
142 790 196 864 ἅμα
220 793 346 848 credidit
362 801 509 863 τμηθέντων
529 803 578 847 aut
599 799 723 847 κοπέντων
743 791 835 847 οἰιααί
855 811 921 846 cum
941 791 1064 847 abrasis
1086 793 1240 858 crinibus.
1267 797 1345 872 quod

58 896 136 941 certe
157 883 277 941 deberet
297 904 361 941 esse
381 888 526 956 τμηυαοοῖν
546 896 576 940 et
596 886 723 940 κοπειοοῖν.
762 885 907 939 Auferte
929 886 960 940 in
980 886 1056 952 καλῆς
1082 885 1153 940 latet
1174 891 1344 959 κιναρμένωνῖ

57 978 144 1034 Nnuc
169 978 351 1040 reconditius
376 979 547 1035 delitescere
580 980 628 1033 hic
656 980 792 1051 suspicor
816 996 938 1033 acumen
962 987 991 1031 et
1013 977 1123 1033 dixisse
1149 979 1286 1034 Biouem:
1314 975 1348 1042 οῖς

59 1070 113 1142 άμα
128 1070 245 1144 ἀλλαγῇ
256 1077 309 1138 (sc.
321 1074 423 1146 τριχῶν)
441 1090 464 1132 s.
478 1070 533 1143 ἅμα
549 1068 800 1143 ἀλλαττομένων
817 1075 964 1144 τυραννίδος
980 1068 1289 1142 ἀπαλλαττομένους
1304 1072 1347 1128 ὑπ’

58 1164 139 1220 αάτῶν
156 1163 217 1228 τοὺς
231 1165 347 1237 ἐραστάς.
382 1158 459 1224 Plut.
470 1159 555 1220 'Sull.
574 1184 600 1223 c.
619 1163 718 1222 XXX.
749 1167 824 1219 τοῦτο
844 1171 888 1220 καλ
904 1165 938 1233 τῷ
955 1162 1102 1237 βραδυτάτῳ
1114 1159 1247 1236 Ῥωμαίων
1262 1167 1352 1236 rodone

56 1265 224 1332 παρέστησεν,
247 1254 280 1321 ὧς
300 1255 421 1328 άλλαγὴ
440 1257 469 1312 τό
488 1259 574 1330 χρῆμα
593 1262 791 1330 τυραννίδος
808 1255 853 1312 οὖν
869 1254 1041 1327 ἀπαλλαγὴ
1060 1266 1153 1329 γέγονε.

124 1426 153 1481 p.
172 1413 221 1471 66,
241 1414 284 1464 13.
319 1402 544 1480 rindlidnmtdov]
579 1403 642 1480 ὑπὲρ
665 1426 721 1481 pro
742 1402 792 1462 ὑπὸ
815 1405 923 1462 habent
946 1406 981 1465 B.
1005 1407 1039 1465 E.
1064 1407 1132 1464 Ald.
1152 1408 1220 1468 Bas.
1255 1409 1348 1466 Iidem

56 1509 124 1572 post
142 1505 194 1555 luet
213 1496 301 1569 κομψά
318 1518 373 1573 pro
393 1505 450 1554 ἐστί
467 1497 563 1571 κομψά.
598 1499 674 1556 Tum
691 1498 759 1554 Ald·
778 1499 848 1554 Bas.
867 1495 1002 1570 dyaodm.

123 1667 153 1721 p.
173 1654 218 1714 66,
240 1649 282 1705 13.
318 1643 404 1702 καὶτὸ
420 1646 567 1720 μετόπωρον
585 1645 681 1722 καλὸν]
715 1645 790 1702 καλὸν
809 1649 902 1704 omitt.
924 1649 956 1709 Β.
975 1649 1009 1704 Ε.
1028 1648 1096 1707 Ald.
1116 1648 1184 1706 Bos.
1206 1681 1235 1692 -
1254 1650 1343 1706 Euri-

56 1739 135 1816 pidis
154 1739 263 1796 dictum
284 1742 456 1796 rnemnravit
474 1743 561 1796 etiam
572 1741 689 1801 Aelian.
707 1741 748 1800 V.
762 1741 800 1796 H.
819 1741 905 1809 XIII,
923 1748 951 1800 4.
968 1742 1086 1817 repetiit
1103 1742 1277 1799 Plutarchus
1296 1746 1347 1801 rit.

55 1830 153 1890 Alcib.
171 1849 198 1889 c.
218 1831 240 1889 Ι.
278 1831 336 1888 Sed
362 1833 440 1889 idem
462 1836 550 1910 paulo
575 1836 660 1891 aliter
685 1854 748 1890 rem
773 1846 875 1891 narrat
892 1834 1044 1910 Apophth.
1061 1855 1124 1911 reg.
1144 1848 1174 1893 et
1191 1837 1298 1894 ducum
1316 1858 1350 1912 p.

57 1932 106 1982 177
124 1925 161 1983 A.
192 1923 239 1979 τοῦ
265 1930 293 1982 δὲ
312 1926 455 2001 Εὐριπίδου
476 1929 521 1984 τὸν
544 1927 620 1983 καλὸν
641 1926 774 2000 Ἀγάθωνα
798 1927 1025 2000 περιλαμβάνοντος
1047 1935 1074 1985 λα
1094 1930 1129 1999 τῷ
1154 1936 1283 2000 συμποσίῳ
1306 1938 1350 1987 καλ

55 2020 255 2090 καταφιλοῦντος
271 2019 317 2089 ἤδη
335 2022 478 2090 γενειῶντα,
496 2019 559 2092 πρὸς
576 2019 636 2083 τοὺς
654 2025 744 2090 φίλους
761 2026 827 2085 εἷπε,
847 2019 895 2086 Μὴ
914 2017 1079 2089 θαυμάσητε·
1094 2021 1156 2075 τῶν
1171 2019 1230 2094 γάρ
1244 2023 1349 2076 ιιαλοῗντ

56 2112 169 2166 καὶτὸ
190 2108 385 2183 μετόπωρον
412 2111 511 2167 καλόν
544 2120 622 2167 ἔστι.
657 2112 698 2169 V.
723 2112 843 2170 Jacobs.
867 2110 1023 2170 Animadv.
1050 2112 1087 2169 ad
1111 2111 1230 2168 Anthol.
1247 2111 1303 2168 lll.
1322 2111 1347 2171 Ι.

54 2221 85 2275 p.
106 2211 165 2263 teo.

127 2375 155 2428 p.
176 2358 286 2422 66,15.
322 2345 459 2422 ἐνδέχεται]
492 2353 569 2409 Ante
587 2357 710 2423 ἐνδέχεται
726 2356 836 2411 excidit
852 2355 972 2431 aliquid.
1002 2356 1117 2412 Deinde
1128 2358 1251 2430 junctis,
1271 2376 1344 2433 qliae

56 2465 152 2504 vacuo
168 2449 262 2522 spatio
278 2458 396 2522 praeter
412 2466 477 2503 rem
495 2447 649 2521 interjecto
669 2447 783 2503 divulsa
802 2459 885 2516 sunt,
902 2447 980 2521 μόνον
995 2446 1054 2505 οὐδ’
1072 2457 1098 2504 ἐν
1111 2455 1209 2513 πολιαῖς
1227 2448 1347 2521 ἀνακμά-

56 2545 101 2605 ζοτ
129 2546 172 2595 καλ
200 2545 303 2614 ῥυτίσιν.
348 2540 384 2595 In
416 2540 597 2596 Salmasiano
630 2541 702 2598 Cod.
736 2543 780 2597 sic
809 2545 908 2617 reperi
937 2540 996 2598 οὔδ’
1032 2551 1058 2600 λι
1089 2549 1187 2609 πολιαῖς
1221 2542 1347 2616 άτιμάζωυ.

57 2631 253 2691 REISKIUS.
289 2633 393 2701 Forte,
413 2631 506 2688 καλόν*
529 2633 576 2704 lyei
599 2639 625 2689 et
643 2640 710 2705 φημὶ
726 2630 796 2690 ὅτιό
817 2636 866 2690 τῶν
885 2624 1006 2706 γυναικοῖν
1021 2639 1070 2692 τῶν
1086 2637 1166 2694 καλόν
1182 2644 1225 2692 καὶ
1243 2635 1346 2711 σωφρό-

57 2749 101 2780 νον
120 2725 202 2800 Ἔρως
225 2723 257 2782 oti
278 2723 357 2797 μόνον
379 2733 405 2781 λυ
426 2722 491 2799 γήρα
515 2722 574 2781 ole'
603 2734 628 2780 ίν
655 2731 762 2789 πολιαῖς.
795 2727 980 2783 Postremum
998 2739 1095 2784 estex
1112 2729 1181 2787 Bas.
1199 2728 1271 2801 Xyl.
1290 2747 1345 2802 pro

56 2819 177 2895 vulgato
193 2819 279 2890 πολιᾷ.
315 2819 676 2878 WYTTENBACHIUS.
711 2820 808 2876 Locus
824 2824 949 2876 maxime
969 2821 1047 2877 lacer
1064 2831 1092 2877 et
1104 2821 1239 2887 mutilus,
1260 2837 1347 2895 quem

58 2911 169 2968 exStob
191 2931 244 2968 aee
263 2912 450 2987 locupletavi.
485 2911 587 2985 Vulgo
606 2915 677 2967 haec
697 2931 756 2968 uno
774 2923 877 2968 tenore
896 2914 1083 2971 cohaerentia
1101 2913 1281 2970 edebantur:
1304 2920 1346 2968 ael

55 3005 87 3060 τὸ
103 3003 246 3078 μετόπωρον
261 3005 336 3060 καλὸν
352 3010 476 3072 ἐκδέχεται
491 3003 571 3076 μόνον
588 3004 603 3037 *³
622 3003 696 3061 οὐδὲν
712 3007 790 3076 πολιᾷ
805 3003 921 3078 άνμάζων
936 3011 978 3062 καλ
992 3012 1094 3078 ῥυτίσιν.
1116 3006 1152 3063 In
1169 3006 1204 3065 B.
1223 3024 1347 3063 voouuttt

58 3108 103 3152 est
123 3100 249 3173 spatium
267 3098 420 3154 literarum
436 3098 597 3163 tredecim,
616 3098 765 3174 aliquanto
783 3102 877 3174 majus
895 3103 926 3156 iu
943 3101 1012 3158 Ald.
1049 3100 1107 3157 Sed
1125 3102 1155 3158 iu
1170 3101 1205 3158 ll.
1222 3101 1345 3157 lacunae

56 3189 167 3245 nullum
187 3191 352 3266 vestigium.
388 3191 519 3246 Primum
546 3191 617 3247 illud
640 3203 737 3265 patet,
764 3191 853 3250 verba
879 3186 946 3250 inde
965 3194 1002 3251 ab
1029 3198 1155 3264 λιιδεγεται
1181 3194 1343 3252 dirimenda

57 3301 122 3339 esse
148 3303 165 3338 a
188 3284 410 3358 superioribus,
431 3296 493 3341 tum
511 3286 646 3343 lacunam
669 3286 843 3360 explendam
866 3296 930 3344 e'sse
956 3307 993 3344 ex
1021 3287 1139 3348 Stohae.
1165 3287 1200 3349 Τ.
1228 3295 1277 3356 64,
1301 3295 1344 3346 32.

55 3396 87 3450 p.
104 3379 163 3434 426.
200 3375 294 3435 Gaias.
324 3377 359 3435 T.
379 3376 419 3435 II.
444 3377 489 3435 ed.
519 3378 604 3450 Lips.
629 3376 680 3435 ubi
698 3398 714 3434 e
731 3380 882 3436 Plutarchi
899 3377 976 3435 libro
995 3379 1030 3436 de
1048 3399 1146 3437 amore
1172 3385 1213 3455 (p.
1233 3389 1276 3440 ot.
1296 3380 1343 3436 ed.

56 3471 152 3532 meae)
182 3469 371 3541 proferuntur
388 3472 477 3527 haec:
508 3468 522 3526 ό
547 3479 608 3544 ἴρως
626 3505 660 3516 -
683 3469 815 3534 ἐξάπτεται
841 3474 959 3544 μαλακάς
981 3478 1025 3528 καλ
1048 3473 1136 3541 σχεδὸν
1158 3481 1214 3529 οῖον
1238 3471 1344 3544 invitor

58 3562 158 3618 leurdo·
179 3560 309 3633 άψάμενός
327 3586 354 3618 τε
370 3564 415 3632 τῆς
427 3565 510 3634 ψυχῆς
528 3573 666 3637 παρυμίνει
682 3565 759 3621 πολὺν
774 3563 878 3639 χρόνον,
896 3563 953 3620 otid'
971 3573 997 3621 lv
1014 3567 1123 3640 γηρῶσιν
1139 3573 1214 3629 ἐνίοις
1229 3560 1345 3622 deorov-

56 3654 162 3726 όμενσς,
190 3655 255 3710 άλλά
280 3664 304 3711 ἰν
324 3661 422 3718 πολιαῖς
442 3654 557 3728 άνμάζων
579 3665 615 3712 ἔτι
633 3658 781 3730 πρόσφατος
803 3665 845 3712 καὶ
864 3659 961 3731 νευράς.
998 3658 1069 3714 Inde
1091 3669 1225 3715 nostrum
1242 3659 1340 3716 locunt

57 3750 99 3802 sic
112 3751 248 3805 correxi:
266 3753 390 3815 ἐκδέχεται
406 3747 464 3805 οὐδ’
483 3752 631 3824 delmaticae
648 3749 845 3823 ἀναπαυόμενος,
860 3748 939 3822 μόνον
956 3748 1001 3809 οἷοι
1017 3760 1042 3808 ἓν
1058 3758 1156 3816 πολιαῖς
1170 3749 1286 3824 άκμάζων
1301 3761 1343 3809 καλ

58 3845 167 3912 ῥυτίσιν,
186 3839 250 3896 οἷλλά
269 3840 329 3911 άχρι
347 3840 435 3914 τάφων
451 3850 494 3898 καὶ
509 3845 646 3917 μνημάτων
661 3852 796 3917 παραμένει
813 3846 832 3902 i.
852 3863 878 3900 e.
896 3865 984 3901 amor
1003 3861 1102 3902 martel
1119 3867 1154 3901 ne
1171 3846 1204 3902 ἰτι
1225 3846 1343 3902 senibus

58 3934 177 4007 quidem
195 3934 343 4002 ἀναίνεται,
362 3950 476 3991 raretum
494 3955 552 3992 non
576 3936 757 3992 incurriset
776 3937 860 4008 rugis
877 3937 997 4010 vigens,
1016 3938 1071 3994 sed
1087 3956 1177 4013 usque
1191 3934 1234 3994 ad
1246 3939 1343 4012 ιεμαί-

58 4041 158 4082 turam
174 4043 449 4102 mortumentnmque
462 4029 619 4102 perdurat.
652 4029 729 4085 Nem
751 4031 828 4085 inter
853 4031 930 4086 ναῖον
949 4042 977 4087 et
1000 4035 1126 4101 ἐκδέχεται
1151 4031 1229 4088 haud
1253 4030 1339 4088 dubie

57 4117 167 4174 excidit
184 4125 243 4193 ἔρως
260 4125 294 4176 δὲ.
329 4117 388 4178 Sed
404 4119 475 4178 illud
492 4122 589 4197 ipsum
605 4127 729 4192 ἐνδέχεται
745 4122 778 4179 iu
796 4123 901 4181 mendo
919 4121 1027 4180 cubare
1048 4125 1173 4182 videtur.

125 4287 155 4341 p.
174 4274 220 4335 66,
238 4275 281 4330 16.
315 4276 341 4326 λν
355 4277 455 4335 πολιαῖς
472 4269 603 4344 ἀκμάζων]
639 4264 776 4329 Correxit
793 4270 950 4346 Wyttenb.
970 4291 985 4328 e
1006 4275 1073 4332 Bas.
1090 4272 1161 4346 Xyl.
1197 4273 1292 4349 Volgo
1316 4282 1342 4329 te

58 4361 145 4416 πολιάι
167 4358 287 4432 ἀκμάζων.
324 4366 355 4423 Β.
380 4367 415 4423 Ε.
440 4366 508 4426 Ald.
536 4364 607 4421 οῦδὲν
627 4367 740 4421 πολιῶσα
767 4364 891 4438 άτμάζνιν.
933 4366 1040 4422 Julian.
1063 4366 1205 4423 Caesares
1232 4382 1260 4442 l’·
1280 4376 1339 4427 311.

59 4452 169 4527 Spanh.
187 4456 316 4528 παρῆλθεν
331 4465 372 4514 ἐπὶ
388 4456 489 4521 τούτοις
507 4467 585 4533 γέρων
604 4456 721 4530 ὀφθῆναι
736 4459 811 4523 καλός
830 4457 968 4531 (λάμπει
988 4460 1038 4531 γάρ
1061 4468 1156 4516 ἔστιν
1181 4460 1197 4516 d
1203 4482 1236 4518 τε
1254 4469 1342 4518 terelle

59 4546 101 4616 τῷ
121 4545 207 4620 νηρᾳ
225 4548 258 4603 τά
284 4547 415 4621 κάλλος)
433 4561 538 4622 ἐντυχεῖν
558 4550 708 4628 πρᾳότατος.
741 4553 881 4611 Philostr.
897 4555 948 4610 vit.
961 4553 1060 4629 Apoll.
1069 4555 1151 4624 Vlll,
1169 4561 1211 4612 eo.
1232 4576 1261 4630 p.
1279 4560 1339 4615 369.

93 4645 185 4692 utor.
204 4641 228 4698 Ι.
917 4649 955 4712 16

1386 4414 1436 4664 ί
