3036 4994
107 202 147 271 5⁶
580 192 916 265 ΠΛΟΥΤΑΡΧΟΥ

108 362 285 444 γυναικῶν,
317 353 398 425 ὅταν
422 344 513 438 ἦθος
536 354 638 442 ἁγνόν
664 358 723 423 καὶ
749 354 886 441 κόσμων
913 357 948 423 έν
969 349 1040 448 δίρφ
1065 357 1123 422 καλ
1141 352 1249 443 χάριτι
1266 354 1405 444 μορφῆς

111 466 271 550 διαφανὲς
288 463 439 545 γένηται;
462 458 637 549 (καθάπερ
654 459 777 550 ὄρθιον
795 459 950 545 ὑπόδημα
965 461 1107 527 δείκνυσι
1124 461 1229 537 ποδὸς
1244 457 1405 545 εύφυΐαν,

110 566 152 643 ως
176 564 331 652 Ἀρίστων
359 563 508 647 έλεγεν,)
539 559 620 628 όταν
645 565 680 630 έν
709 565 819 630 εἴδεσι·
835 567 948 642 καλοῖς
973 568 1032 630 καὶ
1059 565 1228 650 καθαροῖς
1253 559 1406 646 σώμασιν

111 670 183 755 ἴχνη
209 668 346 754 λαμπρά
370 667 499 750 κείμενα
522 670 629 754 φυχῆς
649 665 743 758 ὀρθά
772 671 830 733 καὶ
856 667 1015 757 ἄθρυπτα
1041 666 1215 731 κατίδωσιν
1241 667 1274 731 οί
1302 665 1407 734 δεινοὶ

112 773 176 837 τῶν
214 769 367 836 τοιούτων
404 766 651 845 αἰσθάνεσθαι.
714 770 761 839 Οὐ
792 772 856 858 γάρ
890 771 909 837 ὁ
940 776 1000 856 μέν
1032 767 1235 853 φιλήδονος,
1284 769 1406 856 έρωτη·

113 878 207 960 θεὶς,
228 871 259 946 εἰ

308 1001 403 1088 Πρός
420 1003 511 1082 θῆλυ
529 999 613 1068 νεύει
630 1004 772 1088 μάλλον,
793 1000 816 1082 ἢ
832 1001 883 1069 ’πὶ
900 999 1061 1089 τάῤῥενα,

46 1151 95 1203 τοι
113 1133 168 1201 καὶ
190 1128 466 1222 ἀποκρινάμενος,

303 1253 410 1329 ’Ότιου
428 1258 539 1349 προσῇ
557 1255 594 1321 τό
615 1255 749 1336 κάλλος,
769 1255 977 1347 ἀμφιδέξιος,
1081 1332 1083 1337 ,
1124 1232 1127 1239 ’
1159 1326 1163 1335 ,

116 1383 225 1467 ἔδοξεν
237 1381 362 1462 οἰκείως
374 1382 625 1476 ἀποκρίνασθαι
639 1387 695 1464 τῆς
706 1384 899 1468 ἐπιθυμίας·
916 1383 935 1450 ὁ
949 1385 985 1450 δέ
998 1381 1178 1474 φιλόκαλος
1190 1387 1246 1451 καὶ
1256 1388 1410 1468 γενναῖος

117 1488 157 1554 ού
181 1489 264 1574 πρὸς
288 1487 326 1552 τό
346 1487 450 1557 καλὸν
469 1485 543 1550 οὐδὲ
565 1485 624 1564 τὴν
643 1483 798 1572 εὐφυΐαν,
826 1484 910 1555 ἀλλὰ
936 1487 1061 1571 μορίων
1082 1489 1249 1577 διαφοράς
1266 1492 1410 1557 ποιεῖται

115 1591 191 1664 τούς
208 1588 344 1675 ἔρωτας·
363 1592 421 1655 καὶ
441 1587 597 1676 φίλιππος
609 1592 669 1671 μέν
686 1586 770 1671 ἀνὴρ
787 1584 881 1656 οὐδέν
896 1577 1189 1669 ἦττονάσπάζεται
1203 1595 1259 1656 τοῦ
1271 1590 1411 1680 Ποδάρ-

115 1713 177 1777 γου
196 1693 255 1770 τὴν
276 1688 431 1777 εὐφυΐαν,
449 1686 472 1769 γ’γ’
492 1690 610 1770 Αἴθην
630 1689 690 1769 τὴν
705 1688 980 1773 Ἀγαμεμνονέην·
1006 1695 1062 1759 καὶ
1078 1693 1261 1777 θηρατικός
1281 1692 1321 1759 ού
1339 1699 1412 1773 τοῖς

116 1789 232 1881 ἀρ’ρεσι
249 1792 356 1885 χαίρει
374 1790 497 1875 μόνον,
532 1790 617 1864 ἀλλά
640 1797 697 1864 καὶ
715 1791 877 1882 Κρήσσας
897 1795 1008 1885 τρέφει
1026 1795 1268 1873 καὶΛακαί-νος
1288 1797 1414 1864 σκύλα-

117 1914 192 1974 κας·
223 1893 241 1960 ὁ
260 1897 295 1960 δέ
315 1893 495 1985 φιλόκαλος
514 1899 570 1970 καὶ,
588 1894 829 1986 φιλάνθρωπος
848 1894 908 1982 οὐχ
923 1895 1048 1982 ὁμαλός
1059 1897 1169 1976 έστιυ,
1200 1898 1273 1965 οὐδὲ
1293 1895 1413 1986 ὅμοιος

118 1994 315 2093 ἀμφοτέροις
333 2001 403 2082 τοῖς
424 2001 564 2091 γένεσιν,
594 1999 663 2066 ἀλλ’
687 1996 949 2090 δίσπερίματίων
970 1991 1225 2086 οίόμενοςείναι
1243 2004 1414 2091 διαφοράς

67 2114 92 2173 Β
121 2101 265 2227 ἐρώντων
287 2104 448 2184 γυναικῶν
478 2108 536 2175 καὶ
559 2102 708 2190 ἀνδρῶν,
741 2103 862 2178 Καίτοι
885 2104 945 2186 τήν
973 2129 1009 2191 γε
1039 2099 1128 2196 ὥραν
1145 2102 1261 2182 ,ἀνθος
1292 2103 1414 2191 ἀρετῆς

121 2228 204 2272 ‘wat
232 2207 375 2291 λέγουσι·
407 2207 452 2292 μὴ
483 2207 590 2298 φάλον
619 2209 655 2281 δὲ
684 2206 804 2285 ἀνθεῖν
833 2210 870 2276 τό
902 2211 995 2291 θῆλυ
1021 2209 1104 2294 μηδὲ
1133 2213 1236 2276 ποιεῖν
1264 2205 1413 2295 ἔμφασιν

122 2308 257 2397 εὐφυΐας
278 2311 360 2400 πρός
380 2309 517 2404 ἀρετὴν,
538 2309 663 2388 ἀτοπὸν
682 2313 766 2381 ἐστι·
785 2316 842 2385 καὶ
860 2313 923 2403 γάρ
944 2310 1111 2401 Αἰσχύλος
1131 2312 1243 2405 ὀρθῶς
1262 2312 1411 2392 ἐποίησε,

315 2438 406 2515 Νέας
424 2440 576 2527 γυναικός
596 2438 635 2508 οἰί
652 2463 693 2523 με
711 2440 757 2523 μὴ
777 2439 871 2530 λάθῃ
892 2442 1020 2529 φλέγων
1077 2480 1080 2485 ,

310 2539 526 2626 Ὀφθαλμύς,
545 2537 616 2623 ἥτις
636 2540 756 2630 ἀνδρὸς
774 2532 797 2634 ᾖ
814 2546 994 2628 γεγευμένη.
1084 2572 1087 2579 ’

17 2754 20 2761 ¹
121 2665 272 2756 Πότερον
292 2658 350 2734 οὖν
366 2665 483 2754 ἰταμοῦ
498 2676 559 2754 μέν
577 2669 684 2750 ἤθους
702 2673 760 2734 καὶ
778 2668 963 2734 ἀκολάστου
977 2674 1035 2735 καὶ
1045 2667 1274 2758 ζδιεφθορότος
1293 2672 1414 2751 σημεῖα

120 2774 189 2848 τοῖς
216 2773 403 2838 εἴδεσιτῶν
427 2773 588 2858 γυναικῶν
612 2773 782 2858 ἐπιτρέχει,
814 2772 952 2855 κοσμίου
980 2772 1015 2837 δὲ
1041 2769 1293 2859 καὶσώφρονος
1318 2772 1416 2836 οὐδὲν

75 2886 99 2942 C
125 2871 230 2940 ἔπεστι
260 2879 299 2968 τῇ
327 2878 443 2968 μορφῇ
469 2878 610 2965 φέγγοςς
649 2872 671 2956 ἢ
700 2875 804 2942 πολλοὶ
829 2881 890 2961 μέν
914 2873 1022 2941 ἔπεστι
1047 2879 1102 2941 καλ
1130 2875 1416 2963 συνεπιφαίνεται,

123 2982 208 3042 κινεῖ
225 2981 260 3044 δέ
279 2979 388 3060 οὐδὲν,
410 2978 485 3045 οὐδὲ
503 2981 738 3066 προσκαλεῖται
760 2979 817 3044 τὸν
837 2977 962 3067 ἔρωτας
990 2978 1165 3067 Οὐδέτερον
1183 2979 1247 3065 γάρ
1265 2978 1417 3059 εἰίλογον,

126 3080 200 3146 οὐδὲ
220 3083 363 3170 ἀληθές,
385 3082 468 3150 ἀλλά
483 3086 614 3163 κοινῶς,
636 3079 742 3171 ίίσπερ
763 3084 936 3164 δέδεικται,
957 3086 1024 3160 τοῖς
1042 3087 1146 3167 γένεσι
1165 3080 1295 3147 πάντων
1311 3080 1417 3169 ὑπαρ-

125 3182 264 3277 χόντων,
296 3183 401 3272 ὥσπερ
428 3190 540 3254 κοινοῦ
563 3187 741 3264 συστάντος
762 3232 1067 3254 ............
1091 3175 1301 3272 οἶΛαφναῖε,
1332 3185 1417 3270 πρὸς

127 3287 266 3366 ἐκείνους
295 3290 476 3375 μαχόμεθα
505 3291 579 3367 τούς
605 3289 740 3375 λόγους,
773 3287 829 3368 ούς
855 3289 873 3358 ὁ
902 3287 1079 3369 Ζεύξιππος
1111 3287 1228 3374 ἀρτίως
1261 3290 1417 3372 διῆλθεν,

129 3390 290 3482 ε’πεθυμίρι
310 3391 506 3482 τόνἝρωτα
526 3392 625 3459 ταύτό
643 3398 744 3460 ποιῶν
760 3392 974 3485 ἀκαταστάτῳ
996 3396 1053 3465 καὶ
1075 3393 1157 3482 πρός
1177 3392 1213 3458 τὸ
1233 3391 1418 3464 ἀκόλαστον

129 3485 309 3594 ι’κφερούσφ
332 3493 390 3581 τὴν
407 3494 536 3587 ψυχήν·
561 3494 619 3562 ούκ
639 3494 736 3574 αύτός
754 3491 854 3574 οὕτως
873 3496 1094 3580 πεπεισμένος,
1116 3494 1261 3578 ἀκηκοὼς
1280 3495 1315 3565 δέ
1335 3496 1418 3566 πολ-

128 3598 220 3689 λάκις
239 3597 367 3686 ἀνδρῶν
386 3595 552 3669 δυσκόλων
573 3603 630 3664 καὶ
649 3597 850 3685 ἀνεράστων·
870 3589 914 3665 ὧν
933 3601 966 3677 οἱ
983 3604 1043 3683 μέν
1060 3598 1168 3673 άθλεα
1188 3596 1308 3683 γύναια
1326 3621 1420 3689 προι-

128 3700 244 3777 κιδίοις
282 3699 498 3795 ἐφελκόμενοι
516 3701 598 3786 μετά
633 3700 806 3789 χρημάτων
842 3699 888 3779 εἷς
924 3698 1116 3787 οἰκονομίαν
1153 3705 1210 3766 καὶ
1243 3702 1420 3787 λογισμούς

129 3800 342 3897 ἐμβάλλοντες
362 3801 612 3899 ἀνελευθέρους,
633 3807 885 3893 ζυγομαχοῦντες
904 3805 1063 3901 ὁσημέραι
1079 3807 1133 3870 διά
1150 3805 1257 3899 χειρός
1270 3804 1417 3890 ἔχουσιν·

79 3918 105 3975 D
133 3910 165 3974 οἱ
190 3910 240 3990 δέ,
273 3908 401 3983 παίδων
426 3907 572 3993 δεόμενοι
594 3913 720 3995 μᾶλλον
746 3909 768 3992 ἢ
793 3913 967 3996 γυναικῶν,
1001 3903 1107 4004 όίσπερ
1130 3913 1162 3974 οἱ
1187 3911 1338 3993 τέττιγες,
1372 3905 1420 3987 εἰς

131 4012 267 4078 σκίλλαν
292 4011 314 4094 γ’γ’
339 4036 371 4078 τι
392 4013 518 4088 τοιοῦτο
542 4013 601 4095 τὴν
621 4015 721 4104 γονὴν
743 4015 900 4106 ἀφιᾶσιν,
930 4010 1011 4083 ούτω
1038 4016 1093 4081 διά
1116 4013 1232 4099 τάχους
1259 4003 1308 4098 οἷς
1332 4010 1421 4097 ἔτυχε

151 4163 373 4178 .—

131 4272 167 4329 F.
193 4278 218 4331 6.
253 4276 363 4346 κείμενα]
382 4273 459 4338 Mez.
478 4272 637 4345 Wyttenb.
672 4274 769 4349 Vulgo
787 4279 829 4330 καὶ
848 4280 954 4346 κείμενα.

131 4366 164 4422 υ.
192 4364 231 4423 ib.
254 4366 389 4438 ἄτρεπτα]
413 4366 520 4439 τρίτα
536 4367 597 4424 ΒΕ.
615 4367 684 4424 Αω.
702 4372 769 4429 Bas.

135 4459 165 4512 10'.
186 4459 237 4516 ult.
256 4455 326 4526 τῖ’πὶ
342 4459 466 4538 τᾶρρενα]
485 4479 500 4515 e
519 4479 581 4515 mea
601 4463 782 4535 conjectura.
819 4462 914 4536 Vulgo
932 4461 948 4533 ἢ
965 4467 1005 4518 ἐπὶ
1021 4485 1052 4516 τα
1070 4459 1170 4531 άῤῥειω.

133 4556 170 4608 A.
190 4551 301 4625 penult.
320 4550 396 4619 οὐδὲ]
416 4554 478 4612 ΒΕ.
513 4553 610 4627 Vulgo
629 4550 697 4612 οὐδ’.

123 4648 159 4709 λλ.
187 4653 212 4700 λ,
249 4642 375 4715 έρύντων]
395 4646 494 4705 Reisk.
515 4648 645 4720 conjecit
660 4644 775 4720 ἐράτων(
818 4665 822 4670 ·
