3036 4994
584 222 828 291 ΕΡΩΤΙΚΟΣ.
1300 237 1337 299 33

58 390 207 452 debeatur
221 387 335 464 Marti,
355 386 435 477 [qui
450 383 643 455 clarzur-cm
657 389 732 455 siue
745 385 871 466 choro,
891 388 968 455 sine
986 388 1144 478 cithara,
1164 391 1338 464 lacrimas

58 492 210 559 cientem
231 490 456 559 dotaesticum
476 496 679 573 exarescat}
721 495 827 556 Restat
846 505 945 555 auten
964 494 1100 571 suroris,
1120 520 1182 581 qno
1204 499 1285 564 ratio
1304 501 1337 565 in

58 599 183 661 homine
197 600 418 671 conturbatur,
439 619 500 660 non
516 600 698 670 obscurum,
713 610 765 660 aut
778 598 993 680 tranquillum,
1013 600 1196 681 Daphnace,
1217 627 1334 682 gentis:

59 706 97 765 de
110 722 174 786 quo
194 724 211 765 e
231 701 392 782 Pemptida
406 704 468 764 hoc
483 724 646 782 quaeram:
672 701 771 792 [quis
783 700 1161 779 deornmfrnetnosum
1176 706 1339 791 thyrsum

59 810 220 894 quassat]
235 806 410 870 divinorum
426 807 567 869 furorum
583 830 662 883 eum,
678 807 731 887 quui
748 808 831 869 circa
846 828 960 887 pueros
974 808 1153 889 praeclaros
1167 822 1196 872 et
1210 812 1337 892 pudicas

57 908 208 974 foeminas
222 911 377 986 cernitur,
400 911 494 989 longe
508 911 688 973 acerrimum
704 924 734 974 et
748 910 976 974 calidissimum.
1016 914 1129 976 Nonne
1143 915 1221 977 euim
1237 916 1337 992 vides,

58 1015 257 1092 bellatorem,
279 1016 371 1079 armis
392 1015 523 1096 positis,
542 1014 670 1077 liberari
690 1015 804 1078 bcllico
823 1014 957 1078 surore?

248 1117 356 1186 Illius
376 1140 427 1185 ece
446 1117 607 1185 humeris
626 1117 713 1184 laeti
733 1141 822 1185 mose
842 1139 949 1184 arma
968 1118 1127 1187 ministri

250 1221 479 1302 Decrescere,

56 1340 240 1411 spectatque
265 1327 375 1390 deinde
402 1326 540 1410 reliquos
559 1327 625 1409 ipse
645 1329 728 1391 bello
749 1328 924 1391 defunctus.
965 1329 1136 1392 Bacchicas
1162 1353 1289 1416 quoque
1309 1347 1341 1398 ct

57 1431 289 1510 Corybanticas
318 1430 494 1495 saltationes
515 1433 722 1496 modulatione
752 1455 768 1494 e
799 1436 965 1509 trochaeo,
995 1447 1026 1497 et
1046 1447 1136 1497 cantu
1157 1459 1174 1498 e
1194 1436 1339 1518 Phrygio

58 1539 153 1598 ruodo
183 1536 287 1598 emoto
321 1539 437 1599 sedant.
487 1538 670 1620 Eodemque
701 1540 793 1600 modo
823 1537 937 1616 Pythia
969 1560 985 1600 a
1016 1539 1139 1619 tripode
1169 1553 1199 1602 et
1228 1542 1339 1622 spiritu

59 1639 196 1723 digressa
218 1639 419 1723 conquiescit.
444 1642 595 1704 Furorem
616 1655 715 1705 anatem
742 1641 941 1716 amatorium,
962 1643 1015 1706 ubi
1035 1644 1061 1706 is
1081 1645 1233 1708 hominem
1255 1660 1340 1710 recte

56 1744 169 1808 invasit
188 1757 279 1828 atque
299 1743 514 1822 inflammavit,
537 1769 599 1810 non
620 1749 712 1810 Musa
735 1747 853 1829 aliqua,
874 1769 937 1811 oon
956 1749 1131 1813 demulcens
1152 1751 1338 1828 incantatio,

54 1869 119 1911 non
139 1847 203 1910 loci
221 1848 348 1912 mutatio
370 1851 551 1930 compescit.
591 1853 653 1915 Sed
672 1864 703 1915 et
721 1863 897 1932 praesentes
925 1865 1045 1927 amant,
1073 1866 1106 1916 et-
1124 1857 1264 1918 absentes
1285 1860 1338 1918 de-

55 1953 207 2029 siderant,
234 1966 263 2016 et
288 1952 422 2018 interdiu
449 1968 623 2030 scetantur,
651 1968 796 2018 etnoctu
816 1955 960 2044 adfores
980 1959 1151 2032 exorabant,
1183 1970 1211 2019 et
1240 1959 1340 2021 sobrii

54 2071 170 2122 vocant
194 2058 361 2139 pulchros,
391 2072 422 2123 et
442 2061 584 2123 bibentes
604 2073 742 2122 canunt.¹¹
769 2062 813 2122 Et
832 2080 917 2135 non,
948 2073 982 2124 ut
1002 2059 1123 2143 quidam
1145 2060 1244 2135 dixit,
1274 2063 1341 2126 visa

52 2174 217 2245 poetarum
237 2168 280 2227 ob
300 2163 511 2227 efficacitatem
533 2161 651 2226 somnia
672 2175 742 2225 stunt
764 2163 979 2248 uigilantium:
1008 2166 1061 2226 sed
1083 2169 1120 2229 de
1143 2163 1216 2226 visis
1236 2187 1340 2229 aman·

51 2267 131 2332 tium
152 2281 199 2332 est
219 2289 341 2330 verum.
380 2269 572 2349 Loquuntur
591 2278 733 2348 tanquam
752 2270 790 2329 ad
803 2279 996 2347 praesentes,
1018 2269 1165 2345 salutant,
1184 2271 1338 2334 incusant.

53 2372 181 2435 Etenim
201 2371 288 2435 visus
307 2369 433 2435 uidetur
461 2369 520 2434 alia
550 2370 712 2455 simulacra
739 2373 770 2434 in
796 2371 923 2436 humido
951 2371 1118 2459 depingere
1145 2375 1237 2437 facile
1264 2397 1338 2438 eva-

53 2475 210 2559 nescent-ia
236 2489 267 2540 et
290 2475 478 2540 intellectum
505 2474 715 2540 destituentia:
737 2489 768 2539 at
789 2476 852 2539 visa
879 2477 1058 2552 amantium,
1088 2478 1176 2561 qnasi
1198 2479 1229 2541 vi
1256 2480 1337 2560 iguis
1395 2458 1400 2468 .

52 2581 205 2663 inscripta
231 2580 262 2644 in
289 2594 455 2657 encausto,
485 2578 634 2664 imagines
662 2580 692 2643 in
722 2581 868 2645 memoria
897 2581 1088 2665 relinquunt,
1121 2598 1223 2659 motu,
1252 2584 1335 2658 vita,

53 2672 206 2750 sermone
225 2684 385 2767 praedita,
413 2706 596 2766 semperque
624 2685 845 2764 permanentia.
896 2685 976 2749 Cato
1008 2689 1163 2750 Romanus
1193 2689 1332 2763 dicebat,

53 2790 183 2855 amantis
202 2789 331 2854 animam
360 2792 474 2875 degere
493 2789 525 2852 iu
546 2788 644 2852 anima
674 2787 798 2870 [antatiz
828 2792 913 2871 quod
937 2790 1053 2854 rectius
1079 2792 1148 2876 quis
1174 2792 1271 2863 dicat,
1301 2794 1332 2854 iu

53 2896 184 2961 amantis
203 2894 301 2959 aniana
323 2896 423 2959 omnia
446 2895 545 2958 inesse
566 2893 695 2973 amati,]
726 2894 913 2974 stupemus,
941 2908 971 2957 et
991 2918 1114 2972 mores,
1145 2911 1175 2959 et
1196 2897 1276 2968 vita,
1306 2909 1338 2957 et

54 3000 213 3066 actiones:
236 3000 348 3084 quibus
367 3003 477 3063 ductus
498 2998 642 3062 celeriter
661 2998 787 3062 conficit
808 3021 948 3076 uttagnum
969 2999 1044 3074 iter,
1064 3012 1097 3062 ut
1117 3000 1219 3080 cynici
1234 2999 1335 3080 ajunt,

53 3119 86 3169 et
106 3105 355 3186 compendiosam
376 3103 426 3180 [et
450 3102 645 3184 continuam]
665 3102 826 3167 inveniens
845 3103 925 3166 viam
946 3108 985 3168 ad
1014 3103 1172 3168 virtutem.
1213 3106 1336 3169 Etenim

54 3208 240 3288 [amicitiam
268 3222 300 3272 et
324 3209 470 3272 virtutem
490 3213 594 3272 eadem
614 3222 661 3272 est
681 3208 788 3272 animis
809 3207 858 3271 via
879 3230 937 3290 per
956 3211 1122 3283 Auroram,
1151 3209 1183 3272 in
1204 3214 1335 3283 affectu,

51 3330 200 3399 tanquam
226 3313 258 3389 iu
284 3316 395 3387 fluctu,
425 3335 482 3375 uno
514 3335 581 3376 curu
607 3314 677 3378 Deo
701 3313 917 3394 invehentes}
958 3314 1040 3378 Dico
1068 3327 1167 3379 autem
1190 3339 1335 3379 austrinam

35 3419 122 3507 'reiz
152 3418 388 3482 enthusiasmum
414 3418 575 3480 amantium
603 3440 701 3501 neque
722 3417 826 3483 divino
848 3419 951 3481 afflatu
972 3440 1094 3494 carere,
1124 3442 1223 3503 neque
1244 3422 1335 3485 alium

53 3528 172 3589 habere
191 3525 280 3587 deum
300 3522 471 3604 praesidem
492 3537 522 3586 et
542 3522 694 3606 aurigam,
722 3545 810 3607 quam
832 3544 915 3598 eunt,
944 3521 993 3584 cui
1019 3546 1101 3587 nunc
1128 3547 1192 3588 rem
1217 3548 1336 3589 sacram

53 3629 203 3705 facimus,
224 3628 366 3712 diemque
386 3627 496 3691 festum
516 3628 650 3714 agimus·
684 3627 856 3692 Enimvero
870 3651 938 3690 curn
954 3627 996 3691 dii
1016 3630 1177 3694 niaximea
1197 3630 1336 3711 potentia

53 3747 89 3800 et
116 3734 246 3798 utilitate
266 3734 438 3798 taudenur
467 3733 645 3814 (quomodo
673 3736 711 3796 de
739 3732 832 3795 bonis
858 3732 949 3796 etiam
978 3735 1116 3798 humanis
1147 3739 1208 3799 duo
1239 3740 1335 3810 haec,

53 3861 186 3924 regnum
200 3853 230 3903 et
243 3840 406 3913 virtutem,
427 3836 614 3900 divinissima
629 3858 785 3901 censemus
802 3849 893 3920 atque
911 3839 1121 3920 appellamus)
1140 3853 1259 3920 tempus
1275 3854 1337 3914 est,

54 3958 91 4010 ut
110 3943 356 4021 consideremus,
378 3966 416 4006 an
437 3942 491 4006 ulli
512 3945 640 4005 deorum
660 3942 762 4005 Amor
779 3942 916 4024 potentia
935 3947 1034 4007 cedat.
1075 3946 1155 4007 Sane
1169 3964 1338 4025 moytiam

55 4050 129 4116 vim
154 4049 325 4118 victoriae
352 4046 452 4128 effert
473 4042 509 4111 V
507 4066 608 4131 enus,
639 4059 673 4110 ut
699 4047 872 4127 Sophocles
898 4048 959 4112 ait:
993 4071 1102 4132 magua
1125 4047 1175 4111 vis
1200 4047 1335 4112 Martis:

56 4168 89 4218 et
115 4157 342 4238 quodammodo
369 4150 560 4235 reliquorum
587 4154 714 4214 deorum
739 4150 916 4216 facultatem
946 4152 977 4217 in·
1007 4156 1170 4219 haec'duo
1200 4152 1335 4219 videmus

62 4293 286 4307 ὴ

56 4371 92 4429 C.
117 4374 142 4431 2.
174 4374 267 4446 μᾶλλον
286 4375 324 4438 nt]
343 4372 403 4435 BE.
422 4373 490 4431 Bas.
510 4372 578 4445 Xyl.
598 4371 753 4446 Wyttenb.
788 4374 889 4450 Vulgo
905 4377 1001 4446 pitter
1017 4383 1051 4431 ot.

56 4465 92 4522 C·
115 4473 141 4524 8.
176 4472 218 4521 aut
232 4464 273 4533 cd]
290 4466 429 4523 Fortasse
446 4465 647 4522 scribendum:
664 4474 804 4540 inoptam·
821 4475 893 4539 οἶμαι
911 4474 937 4524 n
954 4475 995 4525 unt
1010 4469 1052 4526 τό.

54 4560 95 4618 Ι).
119 4563 144 4616 2.
181 4563 300 4633 συναιρεῖ]
317 4559 473 4633 Wyttenb.
492 4578 528 4616 ex
545 4559 605 4617 BE.
632 4560 731 4636 Vulgo
749 4572 896 4632 συναιριῖτο.

54 4654 97 4710 Ι).
122 4655 147 4708 3.
182 4646 320 4724 εὑρηκέναι]
337 4652 413 4710 idern
430 4671 465 4711 ex
483 4653 593 4713 iisdem.
630 4654 729 4733 Vulgo
749 4654 903 4737 siminorum,

89 4757 222 4816 neunt,
1021 4756 1045 4817 Ἃ
