3036 4994
563 217 814 287 ΕΡΩΤΙΚΟΣ.
1299 226 1337 289 35

45 382 161 462 dividi,
191 387 230 449 ad
249 385 365 450 bonum
390 382 519 466 aliquod
537 382 787 463 adipiscendum,
817 393 848 447 et
867 385 906 446 ad
925 382 1127 448 resistendum
1150 385 1242 456 malo.
1282 387 1337 450 Ab

45 489 137 557 initio
164 489 298 554 innatum
325 488 386 553 suit
411 488 537 564 animis,
567 499 601 550 ut
626 489 720 553 Plato
748 485 894 572 [qnoque
919 488 976 551 has
1001 488 1120 554 formas
1140 488 1337 570 constituitl.

46 595 120 658 Hoc
132 593 229 679 igitur
241 593 330 662 initio
348 597 588 677 perpendamus,
610 592 694 671 [rem
711 613 873 656 veneream
887 591 1018 656 Amoris
1035 607 1192 676 expertem
1210 595 1340 660 denario

37 697 232 780 ¹prostare];
253 720 353 784 neque
366 698 433 782 ejus
450 699 551 784 gratia
572 697 735 782 quisquam
756 719 819 761 non
840 719 945 761 ainans
964 697 1017 761 vel
1035 698 1175 764 laborem
1196 701 1343 782 pertulit,

49 802 101 866 vel
120 802 289 884 periculum
310 803 386 868 adiit
406 805 515 867 ullum.
555 804 607 867 Ac
626 826 664 866 ue
685 802 737 866 bic
757 803 903 882 Phrynas
924 801 1139 879 nominemus,
1159 805 1270 883 amice,
1289 817 1343 871 aut

50 907 181 984 Laidos,
204 907 429 973 Gnathaenium
911 959 915 965 .

241 1010 314 1080 Sub
334 1032 522 1101 uesperam
541 1009 707 1076 lucernae
718 1005 936 1077 'succendens
949 1010 1065 1087 jubar

49 1138 273 1200 saepenumero
296 1131 482 1197 exspectans
503 1126 534 1178 et
554 1137 672 1179 vocaus
693 1116 896 1196 praeteritur,

244 1220 300 1286 At
320 1221 434 1287 subito
455 1220 626 1286 exoriens
645 1232 767 1286 uertens

52 1326 157 1409 anagni
184 1325 301 1389 amoris
329 1347 365 1387 ac
391 1323 550 1398 desiderii,
579 1324 777 1387 concubitum
799 1323 935 1387 reddidit
953 1323 1057 1404 pretio
1080 1327 1206 1392 'l'antali
1227 1327 1352 1393 talentis

52 1429 310 1512 comparabilem.
351 1429 443 1493 Adeo
458 1429 621 1493 imbecillis
642 1440 671 1492 et
691 1429 864 1492 sastiodosa
879 1443 926 1492 est
940 1431 1076 1494 Veneris
1091 1433 1210 1513 gratia,
1230 1433 1352 1497 Amore
1415 1504 1421 1521 ‚

53 1557 119 1599 non
139 1534 327 1614 adspirante.
366 1535 465 1615 ldque
491 1537 552 1597 hoc
572 1547 756 1618 argumento
785 1532 884 1616 tnagis
907 1534 998 1598 etiam
1019 1558 1210 1622 cognosces.
1251 1537 1351 1602 Multi

54 1638 241 1704 concubitus
267 1637 371 1703 socios
398 1639 482 1720 passi
509 1652 581 1702 sunt
607 1661 673 1703 esse
701 1638 795 1711 alios,
826 1660 890 1701 uon
918 1661 986 1701 curu
1013 1641 1128 1706 scortis
1149 1649 1267 1718 modo,
1295 1649 1351 1707 sed

55 1743 145 1808 etiam
167 1732 281 1806 uxores
303 1743 340 1807 iis
360 1766 431 1807 suas
451 1744 693 1826 prostituentes:
718 1756 752 1806 ut
772 1742 899 1808 Cabbas
918 1743 971 1806 illc
991 1748 1166 1821 Romanus,
1187 1745 1258 1830 qui,
1279 1770 1350 1810 cum

53 1850 269 1914 Maecenatem
295 1849 483 1931 excepisset,
510 1863 540 1913 et
565 1871 633 1912 euru
662 1849 790 1912 nutibus
811 1848 931 1910 videret
952 1853 992 1912 ad
1011 1872 1096 1913 suant
1118 1873 1249 1916 uxorem
1271 1853 1352 1916 allu-

54 1956 144 2027 dere,
171 1952 282 2016 seusim
308 1953 409 2036 capite
434 1952 603 2027 inclinato,
631 1974 772 2015 somnum
793 1950 962 2017 siurulavit.
1004 1952 1085 2016 Cum
1107 1967 1206 2017 autem
1228 1954 1353 2019 interim

54 2078 218 2122 servorum
240 2056 363 2139 quidana
384 2061 424 2121 ad
445 2079 578 2121 mensam
600 2055 782 2119 accessisset
803 2054 1013 2130 extrinsecus,
1033 2077 1071 2118 ac
1092 2055 1196 2119 vinum
1218 2060 1355 2120 suffura-

56 2174 166 2237 retur,
196 2162 312 2243 apertis
338 2161 466 2225 oculis:
503 2159 650 2234 Perdite,
683 2158 806 2236 iuquit,
840 2180 877 2220 an
905 2157 1022 2234 nescis,
1055 2181 1102 2222 me
1128 2160 1191 2224 soli
1216 2160 1355 2224 dormire

55 2264 259 2330 Maecenati?
290 2267 363 2328 Hoc
383 2264 507 2349 quidem
528 2263 687 2350 indignum
703 2275 750 2326 est
768 2261 891 2327 facinus
911 2263 1065 2329 fortasse:
1088 2276 1119 2329 et
1138 2277 1206 2328 erat
1226 2287 1355 2347 quoque

58 2371 187 2435 Cabbas
201 2367 324 2432 sannio.
357 2368 458 2455 Argis
472 2367 632 2433 contentio
648 2382 714 2432 erat
729 2367 914 2432 Nicostrato
930 2382 960 2433 et
974 2368 1109 2449 Phayllo
1125 2372 1163 2435 de
1178 2370 1356 2451 republica.

59 2476 112 2538 Eo
136 2495 205 2536 cum
226 2470 363 2537 venisset
375 2472 542 2555 Philippus
556 2495 632 2550 rex,
655 2475 839 2555 apparebat,
859 2475 958 2549 huuc,
980 2473 1006 2536 si
1021 2495 1170 2549 uxorem,
1192 2496 1271 2558 quae
1288 2488 1357 2540 erat

59 2577 176 2661 insigni
196 2578 315 2651 foruna,
345 2577 414 2660 regi
433 2580 617 2643 abutendam
638 2579 823 2658 praeberet,
854 2575 1067 2658 magistratum
1088 2577 1221 2661 aliquem
1243 2579 1304 2643 sibi
1325 2593 1357 2645 et

60 2683 266 2765 principatum
287 2682 534 2762 impetraturum.
577 2682 720 2767 Cumque
741 2681 870 2745 sentiret
887 2686 949 2744 hoc
968 2681 1186 2758 Nicostratus,
1214 2697 1245 2748 et
1271 2684 1357 2748 circa

58 2788 149 2852 sores
168 2790 278 2852 domus
298 2789 532 2861 obambularet,
558 2787 710 2868 Phayllus
731 2785 824 2849 uxori
845 2774 987 2868 crepidas
1007 2786 1195 2874 subligavit,
1214 2791 1355 2868 chlamy·

60 2897 162 2976 deque
182 2907 212 2957 et
231 2893 337 2956 causia
357 2892 567 2957 Macedonica
588 2904 750 2963 ornatam,
773 2904 917 2973 tanquam
940 2913 1032 2955 unum
1055 2895 1093 2955 de
1113 2892 1218 2973 pueris
1238 2892 1357 2977 regiis,
1395 2973 1400 2984 Ι

60 2999 201 3084 ignotam
219 2996 287 3060 aliis
307 2995 376 3079 regi
396 2996 551 3059 submisit.
591 2997 644 3060 Aa
660 3017 756 3069 vero,
777 3018 846 3057 cum
863 3007 910 3058 tot
923 2995 1042 3060 luerint
1055 2995 1179 3081 sintque
1193 3008 1359 3072 amatores,

61 3103 158 3167 ullum
179 3103 279 3177 nosti,
300 3100 354 3187 qui
375 3103 426 3165 vel
445 3100 539 3166 Jovis
559 3099 736 3164 honorandi
753 3098 852 3187 gratia
868 3099 1014 3164 amiuium
1031 3099 1262 3184 prostituisset?
1284 3103 1359 3166 Non

63 3207 188 3291 quidem
208 3220 306 3290 puto:
328 3209 409 3268 unde
429 3203 532 3269 enim?
553 3207 677 3285 quando
699 3203 788 3268 etiam
808 3216 1030 3284 tyrannorum,
1051 3206 1105 3290 qui
1126 3229 1158 3269 se
1179 3205 1287 3282 dictis,
1307 3217 1361 3269 aut

63 3313 174 3385 iactis,
202 3311 233 3374 in
259 3309 419 3390 republica
447 3317 602 3391 opponat,
629 3330 720 3372 nemo
747 3322 811 3373 est:
841 3308 930 3373 inulti
957 3316 1077 3388 autem,
1109 3310 1164 3396 qui
1189 3315 1226 3375 de
1253 3333 1361 3376 amore

63 3418 280 3483 formosorum
302 3427 332 3478 et
351 3418 507 3478 bonorum
529 3417 679 3477 adversus
699 3435 755 3478 eos
774 3413 943 3477 certamina
963 3415 1170 3497 susceperint.
1210 3416 1360 3481 Perbibi-

74 3536 297 3554 Μ

65 3596 103 3653 E.
127 3603 153 3654 4.
187 3592 360 3666 νενεμημένην]
380 3589 459 3647 Mer..
477 3588 577 3654 Reielt.
612 3587 709 3663 Vulgo
726 3597 901 3660 νέντμημένων.

66 3690 103 3749 F.
128 3695 153 3749 l.
188 3687 292 3775 dpereat]
311 3685 421 3741 omittit
437 3687 506 3739 Bes.
538 3679 705 3756 desudemus
722 3681 799 3740 Mea.

66 3783 103 3845 F.
126 3787 152 3844 5.
169 3781 333 3856 iprensem]
351 3776 413 3836 BE.
432 3774 558 3833 Salmas.
574 3832 576 3837 ⁴
593 3774 690 3852 Vulgo
707 3772 746 3847 tq'
764 3775 877 3846 duasque.

67 3874 103 3933 F.
127 3875 155 3931 7.
188 3871 272 3930 ἐλθὼν
287 3903 320 3916 -
337 3872 432 3940 πολλῷ]
455 3869 634 3944 Separatio
654 3886 746 3944 prosu
766 3870 911 3924 oratione.
947 3867 1002 3925 Est
1020 3867 1099 3925 enirn
1116 3866 1239 3925 Homeri
1257 3883 1360 3924 versus

202 3966 356 4042 paululnm‘
368 3967 537 4022 irnmntatus
555 3982 572 4018 a
589 3959 758 4019 Plutarcho.
920 3966 922 3970 ’

69 4061 107 4123 A.
131 4067 157 4120 t.
191 4057 311 4131 Κᾶββας]
337 4056 397 4118 ΒΕ.
415 4055 483 4115 Ald.
504 4053 570 4113 Bas.
591 4052 664 4128 xyt.
683 4052 799 4130 Vulgo
817 4053 923 4125 nauus
942 4054 1021 4130 quod
1040 4054 1209 4128 Stephanus
1227 4047 1307 4111 dedit
1325 4070 1361 4110 ex

204 4151 327 4208 Leonis.
347 4147 461 4209 Schott.
480 4151 570 4206 etsie
588 4148 665 4204 infra
683 4146 829 4205 libroruin
845 4149 1024 4222 scripturam
1041 4148 1192 4203 revocavi.

72 4245 110 4303 A.
132 4250 156 4307 3.
190 4245 273 4316 τούτῳ
288 4243 329 4315 δὴ]
346 4243 410 4303 ΒΕ.
444 4242 541 4317 Vulgo
557 4243 640 4313 τούτῳ
656 4245 696 4301 dl.
1070 4318 1072 4323 Α
1165 4237 1169 4247 ’

72 4337 111 4394 A.
137 4345 162 4398 7.
201 4336 327 4403 oditur]
345 4337 444 4394 Reislt.
478 4335 579 4410 Vulgo
600 4331 722 4391 Φαὺλιον.
757 4333 856 4406 quirine
874 4335 912 4390 Ε.
946 4330 1108 4404 quirinali.

73 4431 112 4490 A.
137 4439 162 4490 8.
197 4428 212 4486 ὅ
231 4429 354 4497 odibat]
365 4429 504 4486 'additum
522 4444 559 4484 ex
576 4429 662 4489 utu
680 4446 738 4504 quo
756 4438 803 4484 est
819 4423 834 4483 ὁ
851 4427 957 4502 piatur.

73 4523 111 4581 Β.
135 4528 162 4580 2.
196 4529 239 4579 καὶ
253 4523 324 4595 uupd
340 4521 396 4589 ede]
413 4522 475 4580 BE.
510 4522 607 4597 Vulgo
623 4527 667 4578 aul
683 4519 810 4594 aspicie.

73 4616 111 4678 B.
134 4618 163 4677 3.
196 4614 354 4683 indultu]
375 4616 471 4692 Vulgo
491 4613 611 4677 nultus
643 4607 782 4677 indutor
802 4614 863 4672 bu.
897 4609 1040 4687 liquidos,
1057 4610 1227 4672 ffiA‘ms.

74 4716 108 4771 B.
134 4719 162 4770 9.
198 4706 312 4775 ἀκούετε]
332 4709 430 4767 Reistr.
469 4709 566 4788 Vulgo
584 4708 717 4769 deodatus.
