3036 4994
634 151 882 223 ΕΡΩΤΙΚΟΣ.
1173 196 1176 201 -
1362 163 1400 229 23

119 337 182 380 nou
203 317 287 395 irae,
309 332 341 382 ut
361 315 462 402 ajebat
481 318 675 394 Heraclitus,
695 315 869 402 repugnare
883 317 1003 382 difficile
1018 331 1082 384 est:
1105 318 1176 406 qui,
1198 325 1286 405 quod
1298 323 1401 404 cupit,

119 422 169 484 vel
191 421 270 497 vita,
292 423 339 486 vel
359 423 504 504 pecunia,
526 425 574 488 vel
596 425 692 498 fatua,
712 424 847 513 redimit.
888 426 966 487 Nam
984 425 1059 507 quid
1076 427 1243 491 modestius
1258 429 1398 494 Ismeuo-

117 533 195 591 dora
223 530 252 590 iu
276 529 353 592 urbe
377 529 459 593 luit?
485 533 609 612 qnando
633 541 684 593 aut
710 527 808 610 turpis
830 533 868 593 de
887 548 922 605 ea
943 548 1065 604 sermo,
1093 543 1146 594 eut
1165 531 1302 614 suspicio
1323 532 1399 597 lacti

116 631 272 695 inhonesti
300 635 337 697 de
362 631 430 716 ejus
456 638 549 699 domo
575 632 711 698 incidit?
740 634 804 698 Sed
831 630 955 696 videtur
980 633 1126 715 prolecto
1153 635 1262 701 divino
1291 636 1398 721 aliquo

116 735 278 812 instinctu,
299 737 352 821 qui
374 740 532 803 humanam
553 743 683 803 excedat
703 739 870 808 rationem,
891 735 1021 820 impulsa
1041 736 1151 802 fuisse.¹

194 842 271 905 Xll.
311 841 361 906 lbi
381 844 558 926 Pemptides
578 845 735 908 arridens:
767 842 938 916 Nimirum,
964 839 1086 924 ajebat,
1110 845 1254 924 eorporis
1274 846 1396 928 quidam

118 957 165 1009 cst
191 948 331 1020 morbus,
362 947 415 1032 qui
438 971 526 1012 sacer
553 946 685 1012 dieitur:
716 950 941 1013 utabsurdum
965 969 1033 1041 tion⁸
1052 946 1108 1020 sit,
1139 953 1280 1014 morbum
1307 950 1398 1015 animi

114 1049 351 1115 furiosissimum
386 1067 416 1116 et
443 1052 605 1117 ruaxiumm
632 1074 649 1115 a
677 1054 858 1136 quibusdam
882 1073 1004 1114 sacrum
1030 1063 1060 1114 et
1080 1051 1217 1117 divinum
1237 1053 1398 1135 appellari.

113 1153 277 1219 Caeterum
299 1155 381 1219 sicut
401 1156 432 1220 in
454 1159 603 1240 Aegypto
624 1140 791 1239 aliquando
813 1155 876 1219 vidi
896 1154 1017 1220 vicinos
1037 1158 1115 1220 duos
1137 1155 1308 1240 litigantes,
1329 1179 1397 1223 eum

112 1280 238 1338 serpeus
259 1259 453 1341 arrepsisset,
483 1264 590 1324 ambos
610 1283 677 1324 eum
699 1262 813 1329 bouum
835 1259 956 1343 genium
979 1281 1110 1337 vocare,
1137 1260 1179 1325 ita
1200 1262 1340 1347 quidem,
1365 1276 1398 1328 ut

112 1361 174 1424 sibi
194 1385 262 1426 eum
284 1375 415 1446 uterque
436 1361 625 1428 vindicaret:
653 1363 695 1429 ita
715 1387 778 1430 non
798 1389 863 1428 snm
886 1365 1029 1439 miratus,
1050 1386 1207 1443 atriorem,
1230 1365 1339 1452 ingens
1359 1389 1396 1432 ac

114 1465 253 1529 divinum
270 1468 401 1542 bonum,
422 1481 587 1543 avestrum
608 1467 678 1533 aliis
697 1467 728 1532 in
751 1468 889 1533 virorum
910 1471 1083 1544 conclavia,
1099 1472 1138 1533 ab
1152 1470 1220 1534 aliis
1234 1469 1265 1533 iu
1280 1495 1397 1554 gynae-

113 1592 202 1632 ceum
223 1570 321 1633 trahi:
345 1576 467 1656 qnando
493 1584 574 1637 tauta
604 1573 665 1648 vis,
692 1587 793 1640 tantus
817 1576 922 1637 honor
947 1584 993 1638 est
1017 1575 1132 1650 amori,
1164 1587 1215 1651 ut,
1245 1575 1397 1660 aquibus

116 1673 242 1737 omuino
262 1676 375 1757 expelli
395 1679 526 1740 debebat
546 1689 577 1742 et
596 1679 749 1761 opprimi,
771 1677 794 1742 ii
810 1702 878 1743 emn
895 1677 1081 1762 amplificent
1094 1693 1187 1764 atque
1203 1668 1395 1762 praedicent.

114 1780 159 1842 Et
179 1781 276 1842 adbuc
297 1780 419 1865 quidem
441 1805 488 1846 rue
509 1782 663 1861 continui,
688 1787 774 1870 quod
796 1787 834 1848 de
854 1806 888 1848 re
907 1782 1036 1864 propria
1058 1783 1171 1865 magis,
1196 1808 1287 1870 quam
1308 1807 1395 1851 eorn-

113 1881 216 1958 uumi,
252 1883 396 1948 videbam,
418 1908 484 1950 esse
517 1887 784 1971 disceptationem.
834 1888 926 1951 Nunc
954 1900 1079 1964 autem,
1114 1887 1199 1953 Pisia
1233 1870 1396 1972 digresso,

113 1988 246 2052 libenter
266 2011 281 2051 a
304 1991 395 2054 vobis
415 1993 581 2070 audivero,
603 2015 737 2078 quonam
758 1991 952 2075 respexerint
971 1991 1009 2067 ii,
1030 1991 1083 2073 qui
1103 1991 1196 2074 primi
1215 2002 1331 2057 uomeu'
1347 1993 1397 2056 dei
1455 2038 1459 2047 ·

113 2094 225 2158 Amori
246 2093 398 2160 lecerunt.

189 2199 285 2262 Xttt.
326 2201 498 2282 Postquam
527 2198 679 2263 conticuit
705 2197 899 2279 Pemptides,
926 2209 957 2263 et
976 2207 1066 2280 pater
1092 2196 1197 2281 coepit
1223 2198 1342 2282 aliquid
1361 2201 1399 2263 de

111 2303 170 2364 hac
185 2302 352 2373 redicem,
373 2302 450 2365 alius
465 2325 503 2366 ex
519 2306 597 2368 urbe
610 2301 713 2378 veuit,
733 2303 787 2386 qui
804 2301 908 2366 verbis
921 2305 1142 2366 Ismeuodorae
1160 2301 1398 2367 Anthemionem

114 2419 300 2470 accerseret.
340 2407 420 2470 Nam
447 2408 596 2473 tumultus
622 2413 800 2482 crescebat,
829 2421 859 2473 et
889 2407 1041 2490 gymnasii
1066 2406 1232 2488 praefectis
1259 2408 1340 2472 inter
1365 2428 1399 2472 se

112 2531 176 2573 uon
204 2510 427 2587 conveniebat,
456 2523 524 2575 crim
552 2515 630 2576 alter
654 2516 879 2609 reposeenqu
905 2514 1103 2575 Bacchoncm
1133 2524 1289 2587 censeret,
1308 2511 1397 2578 ,alter

113 2615 243 2697 negotio
269 2598 531 2682 non'uecessario
551 2621 810 2702 supersedendum
831 2620 969 2683 duceret.
1011 2615 1151 2681 Proinde
1170 2615 1307 2680 surrexit
1328 2618 1397 2681 Au·

111 2718 269 2795 themion,
303 2732 333 2784 et
365 2719 453 2785 abiit.
507 2724 603 2787 Pater
634 2735 736 2787 autem
769 2720 961 2804 Pemptidem
994 2720 1173 2786 norruinatim
1207 2721 1393 2806 alloquens:

110 2823 247 2898 Videre,
277 2824 394 2910 inquit,
424 2848 488 2890 rem
515 2826 590 2890 mihi
614 2838 732 2892 tentare
758 2849 919 2912 magnam,
949 2830 1111 2910 audaxque
1137 2824 1273 2902 facinus,
1304 2840 1397 2912 atque

109 2932 187 3014 adeo
217 2928 406 3008 immobilia,
439 2937 526 3017 quod
555 2930 687 3010 dicitur,
719 2955 865 3010 movere,
898 2953 1020 2996 eausam
1050 2931 1210 3014 postulans
1243 2929 1331 2993 reddi
1359 2952 1396 2994 ac

109 3034 316 3100 demonstrari
342 3048 518 3100 nostrarum
544 3039 582 3100 de
609 3037 667 3100 diis
692 3035 884 3121 opinionum.
925 3033 1046 3100 Sufficit
1070 3034 1150 3101 euim
1177 3026 1302 3117 antiqua
1325 3046 1397 3099 eta

109 3137 280 3219 majoribus
307 3144 345 3204 ad
366 3163 423 3204 uos
444 3154 614 3225 propagata
634 3140 817 3224 persuasio,
849 3163 910 3224 qua
930 3140 1048 3204 nullum
1068 3139 1240 3205 evidentius
1262 3124 1396 3204 inveniri

111 3257 215 3326 potest
236 3258 461 3329 argumentum.

124 3392 127 3395 -
225 3343 350 3436 Neque
359 3349 452 3415 enim
470 3348 581 3434 [neque
593 3350 633 3432 si]
649 3347 835 3418 scientiam
848 3346 940 3416 haue
956 3368 1054 3432 mens
1070 3344 1203 3415 callida
1219 3345 1397 3440 repperit:

110 3455 165 3516 sed
185 3451 412 3518 fundamentum
434 3460 587 3538 quoddam
607 3470 637 3520 et
658 3455 740 3519 basis
760 3453 868 3538 pietati
892 3454 1064 3518 eommunis
1088 3467 1135 3517 est
1156 3454 1278 3535 positar
1306 3451 1397 3536 cujus

110 3558 138 3621 si
158 3579 220 3621 mm
240 3556 271 3621 in
293 3557 366 3623 loco
388 3558 593 3624 labefactetur
611 3559 764 3647 stabilitas
785 3573 815 3624 et
835 3560 1005 3634 certitudo,
1025 3557 1147 3639 reliqua
1161 3557 1262 3623 orunia
1277 3556 1396 3620 ruinam

110 3662 319 3727 minabuntur.
360 3663 520 3728 Audivisti
540 3667 621 3728 haud
642 3663 751 3741 dubie,
778 3687 842 3749 quo
864 3664 994 3727 tumultu
1013 3658 1163 3746 exceptus
1183 3660 1279 3727 suerit
1298 3658 1397 3723 Euri-

110 3762 211 3850 pides,
231 3754 302 3832 cum
321 3772 384 3833 hoo
403 3769 528 3834 fecisset
548 3768 746 3852 Melanippae
766 3767 972 3852 principiumr

305 3868 547 3966 [Quicumque
565 3872 706 3942 tandem
726 3884 777 3942 est
795 3870 978 3964 luppiter:
1000 3894 1088 3939 nam
1107 3868 1162 3938 nil
1179 3869 1272 3955 scio,

301 3977 371 4046 uisi
386 3977 494 4057 samu
515 3977 613 4070 quod
628 3978 816 4046 narrauit:

112 4261 145 4318 B.
163 4259 214 4318 ult.
232 4256 354 4326 ὕποπτος]
372 4254 529 4330 Wyttenb.
547 4274 563 4312 e
580 4255 642 4325 BE.
660 4266 689 4312 et
706 4255 784 4314 Mea.
819 4255 914 4330 Vulgo
930 4251 1060 4314 tumens

113 4349 147 4407 C.
172 4359 198 4407 t.
231 4352 335 4420 rattrud
355 4348 454 4406 addidi
471 4367 487 4404 e
504 4348 562 4408 BE.

113 4442 146 4499 C.
173 4447 198 4499 2.
231 4442 305 4510 Ζεὺς,
323 4439 484 4510 rimetusus]
502 4441 626 4498 Person.
662 4438 763 4515 Vulgo
781 4439 875 4498 solttttt
891 4439 955 4504 Ζεῦς
971 4433 1131 4512 tegebatur.

114 4529 609 4611 C.tt.0t7t,10t·ttttiextt.

114 4627 148 4686 C.
168 4625 208 4688 ib.
232 4622 307 4698 lim]
323 4623 478 4700 Wyttenb.
497 4645 533 4686 ex
550 4625 612 4687 BE.
647 4625 743 4702 Vulgo
762 4625 820 4698 tyni.
