3036 4994
195 228 233 291 1⁸
668 218 1001 292 HAOYTAPXOY

191 387 332 469 λέγεται,
358 385 412 452 καί
430 382 664 474 προοδέχεσδαι
681 384 741 463 τάς
760 388 823 452 τῶν
837 383 921 453 ὄνων
935 383 1104 471 ἐπιβάσεις.
1141 384 1297 455 ῙΒοῦτον
1312 389 1350 456 δέ
1362 384 1477 473 γυναι-

144 500 168 559 Β
196 489 254 568 κός
275 492 446 578 αἱρεῖσθαι
463 494 522 575 μὲν
541 487 607 575 πρό
629 485 745 572 ἀρετής
763 486 787 573 ἢ
804 493 929 577 γένους,
949 488 1144 580 ἀφιλότιμον
1165 495 1221 558 καὶ
1238 488 1478 579 ἀνελεύθερον·

192 589 289 683 ἀρετῇ
306 593 342 658 δὲ
359 597 416 661 καὶ
432 595 513 676 γένει
533 591 702 681 προσόντα
718 593 846 683 φεύγειν
864 593 1046 684 ἀβέλτερον.
1078 594 1117 661 ‘O
1133 600 1193 680 μέν
1212 595 1275 684 γάρ
1284 594 1479 682 Ἀντίγονος

192 693 384 786 ἀχυρωμενφ
408 696 466 777 τήν
490 695 683 779 Μουνυχίαν
706 700 752 786 τῷ
777 700 972 786 φρουροῦντι
997 695 1135 787 γράφων
1158 698 1277 764 ἐκέλευε
1298 703 1415 766 ποιεῖν
1435 700 1477 785 μή

191 798 294 883 μόνον
307 799 364 863 τόν
375 799 486 864 κλοιόν
505 795 652 887 ἰσχυρόν,
673 798 827 866 ἀλλὰκαὶ
845 802 904 866 τόν
922 799 1003 867 κύνα
1021 801 1150 881 λεπτόν,
1170 797 1257 879 ὅπως
1267 824 1403 896 υφαεργη
1422 803 1477 882 τάς

190 899 339 989 εὐπορίας
355 904 417 966 τῶν
436 900 643 982 Ἀθηναίων·
668 901 764 988 ἀνδρὶ
783 904 818 968 δὲ
832 903 987 980 πλουσίας
1002 900 1024 983 ή
1037 904 1137 982 καλῆς
1157 901 1197 968 σύ
1210 902 1374 990 προσήκει
1393 907 1476 991 μηδέ

187 1006 246 1085 τήν
267 1009 404 1088 γυναῖκα
428 1009 533 1070 ποιεῖν
558 1005 711 1096 ἀμορφον
735 1003 757 1087 ἢ
780 1008 950 1094 πενιχράν,
979 1005 1048 1072 ἀλλ’
1075 1006 1190 1072 ἑαυτὸν
1215 1007 1394 1100 ἐγκρατείᾳ
1424 1012 1475 1075 καί
1507 980 1509 1035 ¹

151 1156 154 1167 .
185 1107 358 1198 φρονήσει,
384 1111 501 1199 καὶτῷ
519 1110 619 1193 μηδὲν
636 1112 861 1196 ε’κπεπλήχδαι
880 1111 944 1176 τῶν
962 1114 1036 1196 περὶ
1059 1109 1195 1190 ἐκείνην,
1224 1111 1299 1175 ἴσον
1318 1115 1475 1199 παρέχειν

185 1216 243 1278 καὶ
257 1210 457 1293 ἀδούλωτον,
477 1207 582 1300 ώσπερ
603 1213 653 1278 ε’πὶ
669 1214 763 1298 ζυγοῦ
778 1213 881 1301 ῥοπήν
893 1200 938 1304 τῶ
953 1212 1033 1293 ήόει
1044 1215 1266 1300 προστιθέντα
1279 1219 1341 1281 καλ
1352 1215 1473 1305 βάρος,

136 1327 159 1383 C
186 1313 240 1400 ὑφ’
267 1305 306 1381 οὗ
330 1318 495 1404 κρατεῖται
518 1321 575 1381 καὶ
599 1316 710 1399 ἄγεται
735 1319 840 1394 καλῶς
865 1311 935 1400 ἅμα
955 1320 1013 1382 καλ
1038 1315 1274 1403 συμφερόντως.
1312 1318 1391 1384 Καὶ
1410 1320 1474 1403 μήν

184 1416 295 1500 ήλικία
315 1442 352 1503 γε
366 1418 449 1508 πρός
467 1417 575 1503 γάμον
593 1423 649 1485 καὶ
671 1415 741 1504 δρα
757 1420 795 1485 τό
817 1419 933 1485 τίκτειν
954 1416 1073 1504 ἔχουσα
1091 1424 1148 1486 καὶ
1167 1419 1205 1484 τό
1226 1422 1347 1512 γεννρίν
1375 1420 1473 1512 εάἀρ.

96 1551 99 1557 ·
184 1519 306 1605 μοστός
322 1521 421 1586 ε’στιν·
445 1521 599 1606 ἀκμάζειν
616 1523 652 1588 δὲ
670 1523 728 1603 τήν
753 1524 891 1607 γυναῖκα
912 1521 1142 1605 πυνθάνομαι·
1166 1527 1223 1589 καὶ
1238 1519 1309 1608 άμα
1326 1526 1374 1615 τῷ
1392 1528 1473 1592 1121-

185 1623 244 1713 σίφ
262 1623 535 1709 προσμειδιάσας,
564 1623 704 1715 ΙΟὐδενός
722 1626 803 1711 γάρ,
824 1622 887 1714 ἔφη
903 1672 911 1703 ,
934 1626 998 1689 τῶν
1017 1624 1221 1712 ἀντεραστῶν
1240 1628 1471 1720 πρεσβυτέρα,

185 1723 258 1792 οὐδ’
287 1724 349 1812 ἔχει
367 1726 498 1808 πολιάς,
518 1718 624 1816 ῶσπερ
645 1727 725 1795 ἔνιοι
743 1730 807 1795 τών
823 1727 974 1812 Βάκχωνι
995 1732 1388 1815 προσαναχρωννυμένων.
1430 1730 1476 1800 Εί

185 1832 220 1897 δὲ
244 1819 332 1897 σύτοι
354 1829 439 1898 ταδ’
466 1827 556 1919 ιδραν
580 1831 727 1917 ὁμιλοῦσι
739 1881 749 1914 ,
781 1830 812 1899 τί
835 1830 948 1897 κωλύει
974 1831 1124 1912 κάκείνην
1150 1834 1394 1917 ἐπιμεληθῆναι
1413 1839 1473 1904 τοῦ

181 1933 353 2001 νεανίσκου
372 1936 500 2020 βέλτιον
524 1933 719 2017 ἡστινοσοῦν
739 1937 833 2018 νέαςς
858 1934 1015 2020 δύσμικτα
1038 1936 1102 2020 γάρ
1126 1936 1168 2000 τά
1191 1938 1250 2001 νέα
1273 1940 1334 2003 κοιλ
1354 1938 1473 2007 δυσκί-

182 2060 290 2126 ραστα
308 2041 365 2104 καί
381 2036 476 2123 μόλις
490 2039 524 2103 έν
545 2038 652 2130 χρόνῳ
667 2041 778 2130 πολλῷ
800 2040 838 2106 τό
858 2037 1016 2128 φρύαγμα
1035 2042 1093 2104 καὶ
1115 2038 1174 2119 τήν
1194 2033 1288 2128 ύβριν
1307 2039 1472 2128 ἀφίησιν,

132 2147 162 2204 D
187 2143 222 2208 ε’ν
240 2140 324 2235 ἀρχῇ
342 2142 379 2209 δὲ
396 2141 544 2227 κυμαίνει
562 2147 619 2208 καὶ
637 2143 812 2230 ζυγομαχεῖ
833 2147 889 2210 καὶ
907 2143 1034 2227 μᾶλλον
1054 2139 1388 2230 ἀνἼι’ρως.έγγε’νηται
1406 2151 1471 2213 καλ

183 2246 338 2332 καθάπερ
361 2249 487 2332 πνεῦμα
506 2244 701 2334 κυβερνήτου
720 2247 766 2329 μή
785 2244 948 2333 παρόντος
968 2243 1100 2329 ἐτάραξε
1116 2249 1172 2310 καὶ
1190 2246 1305 2330 συνέχεε
1325 2246 1387 2311 τόν
1398 2247 1466 2328 γά-

183 2371 248 2433 μον
273 2347 344 2415 ούτε
369 2349 478 2434 ἀρχειν
501 2350 687 2434 δυναμένων
710 2348 782 2414 σῦτε
807 2348 971 2436 ἄρχεσθαι
995 2348 1207 2432 βουλομένων.
1245 2344 1288 2413 El
1304 2348 1339 2413 δὲ
1365 2346 1460 2436 ἀρχει

184 2452 325 2538 βρέφους
342 2457 402 2534 μέν
423 2451 443 2529 ή
462 2449 560 2529 τίτθη
580 2455 637 2515 καὶ
655 2451 772 2526 παιδός
791 2451 810 2515 ό
831 2449 1042 2529 διδάσκαλος,
1064 2449 1189 2539 ἐφήβου
1209 2451 1244 2517 δὲ
1260 2451 1465 2538 γυμνασίαρ-

182 2576 255 2638 χος,
276 2554 412 2637 ε’ραστής
428 2553 463 2616 δέ
477 2553 662 2639 μειρακίου,
680 2555 853 2636 γενομένου
870 2555 905 2618 δὲ
916 2555 950 2618 έν
963 2553 1071 2644 ἡλικίᾳ
1085 2553 1185 2640 νόμος
1198 2560 1255 2622 καὶ
1267 2555 1465 2643 στρατηγός,

186 2652 290 2729 οὐδεὶς
310 2654 344 2717 δὲ
365 2651 524 2739 ἄναρκτος
543 2650 617 2716 οῦδὲ
633 2650 822 2732 αὐτοτελής,
842 2653 873 2718 τί
891 2654 997 2720 δεινόν
1017 2652 1049 2720 εί
1060 2658 1139 2740 γυνή
1155 2659 1233 2723 νοῦν
1248 2655 1372 2743 ἔχουσα
1383 2683 1464 2747 πρε-

185 2757 324 2844 σβυτέρα
343 2755 531 2840 κυβερνήσει
549 2757 624 2820 νέου
646 2753 721 2838 βίον
740 2755 874 2845 ἀνδρός·
897 2757 1058 2847 ὠφέλιμος
1076 2766 1138 2843 μὲν
1159 2749 1244 2826 ούσα
1263 2762 1307 2851 τῷ
1326 2764 1465 2849 φρονεῖν

179 2861 323 2945 μᾶλλον,
347 2857 440 2937 ήδεῖα
460 2856 495 2922 δὲ
514 2859 557 2947 τῷ
576 2859 683 2944 φιλεῖν
704 2860 758 2923 καί
776 2859 961 2944 προσηνής,·
995 2863 1041 2927 Τό
1061 2864 1095 2928 δὲ
1115 2859 1208 2940 όλον,
1229 2861 1310 2953 ἔφη,
1331 2869 1391 2930 καὶ
1409 2866 1464 2931 τόν

179 2963 341 3051 Ἡρακλέα
363 2961 526 3038 Βοιωτούς
544 2960 641 3038 ὄντας
661 2959 726 3028 ἔδει
750 2964 910 3047 σέβεσθαι
930 2968 984 3030 καί
1007 2966 1054 3048 μή
1076 2966 1295 3054 δυσχεραίνειν
1317 2972 1366 3059 τῷ
1385 2966 1462 3054 παρ’

129 3065 307 3146 Εήλικίαν
330 3068 388 3130 τοῦ
412 3064 536 3150 γάμου,
573 3063 807 3151 γιγνώσκοντας
839 3064 888 3134 ότι
916 3067 1062 3146 κάκεῖνος
1092 3070 1150 3150 τήν
1178 3071 1294 3135 ἑαυτοῦ
1323 3074 1461 3159 γυναῖκα

181 3165 341 3256 Μεγάραν
356 3166 464 3258 Ἰολάῳ
490 3167 663 3260 συνῴκισεν
678 3169 908 3237 ἑκκαιδεκαέτει
928 3173 998 3238 τότε
1020 3171 1089 3238 ὄντι
1110 3172 1185 3261 τρία
1206 3174 1263 3238 καὶ
1286 3173 1461 3262 τριάκοντα

181 3269 234 3351 ἔτη
254 3273 471 3358 γεγενημένην.

258 3372 289 3439 ι’.
331 3372 491 3440 Τοιούτων
507 3373 630 3461 λόγων,
656 3374 675 3440 ό
695 3374 801 3462 πατήρ
821 3373 905 3462 ἔφη,
932 3375 1102 3463 παρόντων
1122 3375 1244 3456 αὐτοῖς,
1270 3377 1388 3443 έλθεῖν
1405 3376 1463 3441 τοῦ

180 3476 318 3543 Πεισίου
336 3477 463 3566 ἑταῖρον
478 3479 512 3545 ίκ
528 3476 650 3556 πόλεως
667 3473 753 3568 ’ίππφ
773 3482 912 3555 θέοντα,
931 3483 1065 3569 πρᾶγμα
1078 3480 1279 3565 θαυμαστόν
1298 3478 1463 3564 ἀπαγγέλ·

180 3582 280 3647 λοντα
299 3582 540 3667 τετολμημένον.
577 3580 622 3648 Ἡ
635 3586 697 3672 γάρ
716 3581 957 3670 Ἰσμηνοδώρα,
989 3582 1031 3661 ώς
1047 3575 1164 3664 ἔοικεν,
1191 3581 1292 3649 αύτόν
1314 3578 1387 3668 μὲν
1403 3579 1463 3649 οῦκ

181 3680 287 3763 ἀηδῶς
302 3680 384 3769 ἔχειν
399 3680 529 3768 οἰομένη
545 3683 603 3749 τόν
617 3683 777 3770 Βάκχωνα
793 3685 875 3772 πρὸς
888 3686 944 3750 τόν
956 3683 1079 3774 γάμον,
1101 3674 1322 3773 αἰσχύνεσθαι
1336 3688 1374 3754 δὲ
1386 3685 1462 3763 τοῦς

130 3792 153 3848 F
182 3785 439 3875 ἀποτρέποντας,
468 3784 547 3871 ἔγνω
567 3786 611 3871 μή
633 3791 802 3874 προέσθαι
820 3788 857 3852 τό
875 3786 1058 3874 μειράκιον·
1087 3792 1150 3853 τῶν
1176 3778 1234 3854 οῦν
1257 3787 1368 3877 φίλων
1393 3787 1467 3864 τοῦς

182 3887 323 3974 μάλιστα
340 3892 408 3967 τοῖς
422 3889 509 3974 βίοις
528 3891 663 3978 νεαρούς
680 3895 736 3956 καὶ
754 3891 952 3977 συνερῶντας
972 3889 1053 3981 αὐτῇ
1070 3890 1203 3956 καὶτῶν
1223 3893 1390 3973 γυναικῶν
1411 3890 1468 3966 τάς

186 3992 341 4072 συνήθεις
361 3995 637 4077 μεταπεμφαμένη
660 3997 716 4058 καὶ
737 3992 1004 4081 συγκροτήσασα,
1028 3991 1252 4080 παρεφύλαττε
1272 3992 1333 4070 τήν
1359 3988 1467 4079 δέραν,

185 4093 225 4175 {zv
249 4095 266 4162 ὁ
286 4095 422 4181 Βάκχων
442 4095 524 4174 ἔθος
543 4086 624 4182 εἶχεν
644 4095 746 4161 ἀπιών
767 4093 812 4174 εἰς
826 4097 1030 4183 παλαίστρας
1046 4097 1137 4186 παρὰ
1157 4097 1214 4179 τήν
1234 4091 1348 4163 οἰκίαν
1366 4095 1469 4177 αὐτῆς

1507 702 1509 723 l

194 4261 432 4276 ψ

189 4350 223 4407 C.
249 4356 273 4410 1.
307 4350 387 4412 καλῶς
403 4347 457 4421 εἷμα
473 4345 528 4423 καὶ]
547 4345 691 4403 Ῑλείείῐίῑιε.
726 4331 822 4420 Vulgo
839 4343 927 4411 καλῶς
943 4345 997 4421 ἀμα
1013 4344 1192 4421 συμφερόντως.

192 4442 223 4501 C.
247 4445 273 4503 7.
310 4436 477 4516 δυσκέραστα]
494 4441 528 4495 Ε.
564 4438 660 4513 Vulgo
678 4443 826 4512 δυσνερατα.

145 4518 157 4543 ⁸
192 4536 226 4594 E.
251 4543 276 4594 l.
307 4527 501 4607 γιγνώσκοντας]
518 4533 552 4592 Ε.
587 4532 681 4608 Vulgo
697 4528 866 4604 γινώσκοντας.

194 4629 229 4687 Ε.
252 4633 278 4683 8.
312 4621 368 4699 ἔτη]
385 4627 419 4682 Ε.
450 4626 545 4703 Vulgo
561 4634 603 4697 ἔτη
619 4623 683 4684 τότε.

178 4735 213 4791 Ε,
239 4737 265 4790 6.
303 4725 339 4792 ώς
354 4733 444 4794 (omer,
469 4716 546 4778 ἀότόν
561 4713 623 4796 μιν]
642 4718 676 4784 Ε.
711 4719 804 4799 Vtssgo
822 4715 897 4778 αἷιιίιν
913 4724 970 4791 μὶν,
986 4716 1116 4783 ῦιςῖοικεν.
