3036 4994
124 182 177 279 .oe
522 164 527 181 '
572 178 578 197 ·
603 158 935 229 ΠΛΟΥΤΑΡΧΟΥ

133 334 294 405 ἅπαντας
311 328 415 411 δίκας,
433 318 496 402 πρὸ
515 321 593 401 μιᾶς
611 321 633 383 δ
637 320 647 338 '
667 319 789 408 ἡμέρας
806 316 829 400 ἢ
845 318 1021 403 συμβαλεῖν
1037 320 1105 394 τοῖς
1117 315 1405 402 Λακεδαιμονίοις,

131 438 238 501 μᾶλον
257 432 391 495 ἐκέλευεν
410 419 511 486 ἵππου
532 410 647 487 λευκὸν
671 425 799 509 ἕτοιμον
825 422 916 508 παρά
942 423 987 512 τῷ
1011 420 1105 510 τάῳῳ
1130 423 1194 485 τών
1220 420 1404 506 παρθένων

129 530 392 625 σφαγιάσασθαι·
430 523 490 589 τὸν
510 524 545 590 δέ
567 527 773 606 Πελοπίδαν,
793 525 839 592 ἔτι
857 528 921 591 τών
939 524 1209 610 Λακεδαιμονίων
1228 545 1405 609 στρατευο-

124 640 227 722 μένων
243 634 278 699 έν
298 627 412 715 Τεγέᾳ,
433 624 479 703 εἰς
492 629 645 716 Λεῦκτρα·
659 632 789 720 πέμψαι
807 629 882 706 τούς
902 628 1107 710 ἐξετάσοντας
1122 631 1195 715 περὶ
1213 630 1271 692 τοῦ
1290 627 1405 714 τάφου

123 734 250 813 τούτου,
272 734 326 799 καλ
343 730 534 813 πυθόμενον
552 733 643 822 παρά
662 735 725 799 τών
748 734 923 820 ἐγχωρίων,
949 729 1142 821 θαῤῥούυτα
1165 731 1222 796 τίν
1241 732 1405 821 στρατιάν

122 839 284 922 έξαγαγεῖν
300 835 355 899 καλ
372 836 512 914 νικήσαι.

742 992 777 1054 Δ.

69 1130 93 1188 Ε
159 1154 164 1163 -
198 1114 309 1190 Φώκος
328 1109 483 1188 Βοιώτιος
504 1118 563 1195 μέν
583 1103 625 1193 ήν
644 1118 688 1205 τῷ
706 1118 805 1200 γένει·
843 1105 884 1194 ήν
907 1116 970 1203 γάρ
992 1118 1025 1180 έκ
1044 1118 1260 1193 Κλείσαντος·
1289 1115 1403 1203 πατήρ

118 1222 154 1289 δὲ
167 1213 391 1305 Καλλιρρόης,
411 1214 521 1280 κάλλει
540 1239 572 1281 τε
591 1224 648 1282 καὶ
667 1210 864 1312 σωῳροσύνῳ
884 1218 1111 1306 διαφερούσης.
1156 1216 1284 1298 Ταύτην
1304 1218 1407 1303 ε’μνη-.

118 1322 263 1393 στεύουτο
290 1319 419 1384 νεανίαι
447 1317 622 1407 τριάκοντα
648 1319 895 1406 εὐδοκιμώτατοι
921 1323 955 1386 έν
979 1322 1141 1413 Βοιωτίᾳ·
1174 1321 1193 1385 δ
1219 1322 1254 1387 δὲ
1285 1321 1405 1399 Φῶκος

119 1428 216 1513 ἄλλας
235 1418 269 1501 έξ
290 1419 396 1486 ἄλλοιν
416 1419 583 1506 ἀναβολάς
605 1426 669 1487 τών
687 1423 802 1508 γάμων
825 1426 978 1504 ἐποιεῖτο,
1008 1425 1227 1512 φοβούμενος,
1259 1426 1305 1510 μή
1325 1426 1404 1511 βια-

117 1528 227 1607 σθείη,
246 1525 335 1600 τέλος
351 1525 386 1589 δέ
404 1523 625 1610 λιπαρούντων
644 1527 787 1605 ἐκείνων,
806 1525 896 1607 ἠξίου
914 1529 964 1621 έπλ
982 1530 1028 1617 τῷ
1044 1529 1168 1618 Πυθίῳ
1185 1527 1402 1609 ποιήσασθαι

116 1632 171 1714 τήν
197 1621 332 1713 αἵρεσιν.
391 1625 430 1690 Οἱ
462 1627 497 1690 δὲ
524 1627 606 1715 πρὸς
634 1628 693 1691 τὸν
722 1628 820 1712 λόγον
848 1631 1069 1717 ἐχαλέπηναν,
1104 1637 1161 1696 καὶ
1197 1631 1403 1717 ὁρμήσαντες

113 1735 297 1801 ἀπέκτειναν
319 1729 377 1793 τὸν
404 1729 536 1794 Φῶκον·
569 1730 604 1793 έν
630 1731 664 1795 δὲ
688 1733 732 1820 τῳ
756 1729 894 1821 θορύβῳ
919 1731 940 1812 ή
965 1731 1046 1819 κόρη
1074 1738 1225 1822 φυγοῦσα
1252 1735 1319 1799 ἵετο
1338 1717 1402 1800 7διά

112 1838 167 1918 τῆς
184 1832 306 1920 χώρας·
328 1829 460 1896 ε’δίωκον
479 1832 513 1895 δέ
535 1830 635 1912 αὐτήν
658 1836 689 1898 οἱ
709 1834 846 1901 νεανίαι.
882 1834 934 1898 ‘H
949 1835 984 1900 δέ
1002 1836 1177 1920 ἐντυχοῦσα
1196 1843 1352 1924 γεωργοῖς
1367 1840 1402 1902 έν

64 1952 85 2008 F
113 1938 177 2028 ἅλῳ
205 1939 295 1999 σῖτον
319 1935 520 2022 συντιθεῖσι,
555 1936 716 2024 σωτηρίας
740 1935 827 2022 ἔτυχε
851 1936 927 2024 παρ’
956 1937 1077 2002 αὐτῶν·
1112 1937 1309 2027 ἀπέκρυψαν
1335 1942 1400 2028 γάρ

113 2029 209 2118 αὐτήν
235 2040 266 2102 οἱ
287 2041 423 2125 γεωργοὶ
450 2038 484 2102 έν
509 2041 554 2128 τῷ
580 2038 664 2130 σίτῳ.
703 2041 773 2105 Καὶ
793 2035 875 2105 οὕτω
896 2040 1046 2132 παρῇξαν
1060 2046 1129 2127 μέν
1152 2043 1184 2105 οἱ
1205 2041 1397 2118 διώκοντες·

29 2170 34 2179 ’
111 2147 131 2226 ίγ
150 2144 183 2206 δέ
208 2143 428 2220 διασωθεῖσα,
449 2140 586 2230 έῳύλαξε
605 2147 663 2224 τήν
684 2147 747 2208 τών
769 2145 1009 2228 Παμβοιωτίων
1031 2142 1162 2233 ἑορτήν,
1182 2148 1239 2209 καί
1257 2143 1329 2208 τότε
1352 2141 1400 2219 είς

110 2244 299 2332 Κορώνειαν
318 2245 480 2322 ἐλθοῦσα,
501 2246 595 2322 ἱκέτις
611 2247 787 2326 καθέζεται
807 2247 859 2312 ἐπὶ
877 2247 923 2336 τῳ
938 2247 1038 2338 βωμῷ
1056 2250 1112 2328 τῆς
1127 2245 1268 2323 Ἰτωνίας
1284 2244 1396 2326 Ἀθη-

108 2350 181 2428 νάς,
201 2353 256 2413 καὶ
275 2351 336 2413 τών
348 2347 541 2436 μνηστήρων
557 2350 615 2428 τήν
631 2348 845 2435 παρανομίαν
858 2351 1011 2433 διηγεῖτο,
1031 2349 1117 2416 τότε
1134 2348 1270 2414 ἑκάστου
1284 2345 1395 2431 ὄνομα

109 2455 163 2518 καὶ
182 2450 240 2528 τήν
258 2449 400 2536 πατρίδα
420 2450 636 2529 σημαίνουσα.
675 2450 815 2517 Ἠλέουν
835 2443 893 2518 ούν
915 2457 946 2517 οἱ
968 2454 1107 2518 Βοιωτοὶ
1121 2453 1180 2531 τήν
1197 2451 1313 2525 παῖδα,
1336 2455 1397 2514 καὶ

108 2559 172 2632 τοῖς
201 2553 345 2628 νεανίαις
372 2551 588 2636 ἠγανάκτουν·
624 2557 655 2617 οἱ
684 2555 733 2632 δέ,
766 2557 869 2619 ταῦτα
895 2555 1095 2640 πυθόμενοι,
1130 2552 1175 2632 είς
1200 2553 1399 2639 Ὀρχομενὸν

107 2655 373 2744 καταφεύγουσιν,
412 2653 458 2719 Ου’
475 2654 654 2738 δεξαμένων
669 2656 704 2720 δέ
725 2654 840 2733 αύτούς
861 2659 924 2720 τῶν
936 2655 1167 2743 Ὀρχομενίων,
1188 2659 1271 2745 πρὸς
1290 2656 1397 2721 Ἱππό-

43 2781 90 2832 175
108 2788 166 2841 τας
184 2756 404 2845 εἰσώρμησαν·
430 2757 519 2841 κώμη
542 2761 576 2823 δέ
595 2749 635 2836 ήν
652 2759 743 2846 παρά
763 2763 807 2848 τῳ
824 2759 980 2837 Ἑλικῶνι,
1002 2760 1127 2843 κειμένη
1148 2759 1267 2845 μεταξύ
1285 2760 1397 2842 Θήβης

107 2871 164 2933 καὶ
184 2861 388 2953 Κορωνείας·
423 2862 455 2922 οἱ
482 2860 516 2924 δέ
543 2859 754 2945 ὑποδέχονται
781 2859 908 2938 αὐτούς.
947 2851 1030 2926 Εἶτα
1060 2864 1220 2947 πέμπουσι
1252 2862 1396 2946 Θηβαῖοι

108 2971 303 3050 ἐξαιτοῦντες
322 2965 395 3040 τούς
419 2961 535 3029 Φώκου
555 2966 681 3053 φονεῖς·
701 2969 763 3029 τῶν
783 2966 818 3030 δέ
843 2963 882 3028 ού
905 2963 1077 3043 διδόντων,
1097 2962 1315 3050 ἐστράτευσαν
1335 2973 1398 3049 μὲν

106 3071 186 3157 μετά
208 3072 271 3134 τών
290 3069 395 3133 άλλιιν
414 3067 582 3146 Βοιωτῶν,
609 3072 865 3158 στρατηγοῦντος
891 3069 1036 3145 Φοίδου,
1066 3065 1102 3147 ὃς
1120 3068 1191 3134 τότε
1212 3069 1271 3149 τήν
1292 3070 1396 3156 άρχήν

107 3175 169 3238 τών
196 3173 348 3255 Θηβαίων
375 3173 496 3235 διεῖπε·
537 3171 810 3261 πολιορκήσαντες
836 3173 872 3237 δὲ
897 3172 956 3253 τήν
983 3171 1093 3257 κώμην
1120 3169 1243 3260 ὀχυράν
1271 3162 1395 3248 οὖσαν,

50 3296 53 3301 ·
109 3275 198 3366 δίψει
221 3277 255 3339 δὲ
277 3276 340 3337 τῶν
359 3271 452 3339 ἔνδον
469 3277 715 3361 κρατηθέντων,
734 3277 808 3353 τούς
825 3283 885 3360 μέν
908 3280 1018 3364 ῳσνεῖς
1036 3277 1228 3362 ληφθέντας
1247 3279 1395 3340 κατέλευ-

108 3399 188 3456 σαν,
206 3379 281 3453 τούς
294 3377 325 3441 δ’
348 3381 381 3443 έν
396 3381 434 3470 τῇ
447 3378 535 3470 κώμη
556 3379 886 3468 ἐξηνδραποδίσαντο·
905 3377 1174 3467 κατασκάψαντες
1192 3380 1227 3444 δὲ
1244 3380 1285 3443 τά
1305 3381 1393 3464 τείχη

57 3505 79 3557 Β
107 3486 161 3547 καί
186 3482 244 3556 τάς
270 3477 391 3561 οἰκίας,
430 3486 590 3567 διένειμαν
617 3486 677 3562 τήν
704 3482 813 3568 χώραν
844 3482 1020 3564 Θηβαιεύσί
1047 3506 1081 3548 τε
1106 3488 1161 3548 καὶ
1189 3483 1392 3568 Κορωνεῦσι.

112 3587 200 3650 Φασὶ
220 3586 254 3648 δέ
276 3589 405 3665 νυκτὸς,
433 3588 497 3675 πρὸ
519 3592 574 3666 τής
597 3588 743 3664 ἁλώσεως
761 3591 825 3652 τών
843 3586 1013 3663 Ἱπποτῶν,
1041 3588 1153 3674 ῳωνήν
1172 3588 1204 3651 έκ
1229 3587 1287 3650 τοῦ
1306 3585 1394 3650 Ἐλι-

106 3689 206 3764 κώνος
225 3688 379 3766 πολλάκις
398 3688 607 3768 ἀκουσθῆναι
625 3690 774 3775 λέγοντός
793 3713 893 3767 τινος,
914 3690 1076 3776 Πάρειμι·
1096 3688 1170 3764 τούς
1193 3691 1227 3754 δέ
1249 3694 1393 3773 μνηστῆ-

107 3815 167 3874 ρας
188 3794 261 3869 τούς
284 3790 457 3880 τριάκοντα
481 3793 552 3858 τόδε
571 3795 609 3858 τὸ
631 3794 771 3878 ῳώνημα
790 3793 967 3879 γνωρίζειν,
989 3788 1038 3855 ὅτι
1056 3791 1172 3857 Φώκου
1195 3793 1251 3871 εἴη.
1280 3782 1337 3856 Ἧι
1358 3793 1393 3856 δέ

106 3894 211 3986 ἡμέρῳ
233 3896 523 3978 κατελεύσθησαν,
558 3900 595 3962 τὸ
623 3900 657 3963 έν
682 3899 857 3962 Κλείσαντι
884 3898 996 3979 μνῆμα
1025 3898 1082 3959 τοῦ
1106 3897 1257 3981 γέροντος
1282 3893 1391 3983 κρόκῳ

105 4209 143 4269 D.
168 4217 195 4267 4.
232 4211 325 4272 ἱῖτπου]
345 4212 422 4262 ἵππου
439 4207 525 4265 ΑΒΕ.
546 4207 611 4264 Ald·
630 4209 695 4266 Bas.
1170 4273 1177 4281 .

105 4303 142 4362 D.
165 4302 204 4360 ib.
230 4304 325 4370 λευκὸν]
347 4301 503 4373 Wyitenb.
523 4319 538 4355 ε
559 4302 616 4355 BE.
635 4301 735 4354 Petav.
755 4296 814 4351 Ald.
836 4295 900 4354 Bas.
920 4293 989 4366 Xyl.
1024 4290 1125 4364 Vulgo
1143 4291 1238 4345 λευκοῦ.

107 4398 148 4456 D.
172 4405 199 4455 8.
233 4398 370 4466 ἐξαγαγεῖν]
387 4393 589 4464 έξάγεινιΑΒΕ,
610 4393 711 4448 P‘etav.

48 4524 51 4530 ·
108 4490 144 4546 Ε.
168 4501 192 4547 1,
228 4490 390 4552 Κλεάνακτος]
413 4490 477 4544 Bas.
497 4485 568 4556 Xyl.
593 4489 751 4543 Ιλεῖσαυτος.

109 4585 142 4639 E.
169 4587 194 4638 7.
230 4585 293 4645 ἰἐιο]
324 4580 476 4651 Wyttenb.
497 4579 587 4633 edidit
604 4581 670 4637 ἵετο,
690 4579 752 4630 sine
771 4575 827 4630 ulla
848 4576 1028 4631 anctoritate.
