3036 4994
176 236 214 299 τι
652 215 977 287 ΠΛΟΥΤΑΡΧΟΥ

176 392 262 479 σμάς
279 391 373 464 ἐστιν,
391 384 463 452 οἵτε
476 384 575 450 ἀλλον
588 381 650 469 ἔχει
664 380 749 447 θεὸν
765 379 935 460 ἐπιστάτην
949 381 1004 443 καὶ
1019 375 1150 462 ῆνίοχον
1166 373 1190 457 ἢ
1206 377 1350 455 τοῦτον,
1370 365 1461 466 ᾦνίν

178 493 368 580 ἑορτάζομεν
400 493 454 555 καὶ
479 486 613 570 θύομεν.
643 482 752 569 Ὅμως
781 480 810 548 δ’
836 484 902 547 ἐπεὶ
919 479 1052 565 δυνάμει
1072 483 1126 545 καλ
1147 478 1289 569 ὠφελείᾳ
1320 477 1460 563 μάλιστα

176 599 263 663 θεοῦ
282 637 462 661 .........
480 588 602 655 καθότι
622 591 677 652 καὶ
695 588 757 651 τῶν
774 585 990 673 ἀνθρωπίνων
1009 581 1150 667 ἀγαθῶν
1167 581 1225 648 δύο
1246 584 1381 663 ταῦτα,
1408 584 1461 667 βα·

176 698 300 765 σιλείαν
328 700 385 762 καὶ
413 693 546 781 άρετῆν,
579 688 740 755 θειότατα
770 692 826 753 καὶ
855 687 1022 773 νομίζομεν
1051 690 1106 752 καὶ
1136 683 1372 770 ὀνομάζομεν,
1401 680 1462 772 ἀρα

127 810 151 865 F.
177 806 307 881 σκοπεῖν
324 798 496 889 πρότερον,
517 797 550 862 εἴ
563 817 626 861 τινι
647 798 736 859 θεῶν
759 792 897 879 ὁἝρως
915 790 1043 879 ύιγίεται
1065 787 1236 873 δυνάμεως.
1276 787 1413 857 Καίτοι

368 903 465 983 Μέγα
484 904 543 985 μέν
562 900 685 975 σθένος
704 898 728 963 ά
746 897 874 985 Κύπρις
893 897 1060 982 ἐκφέρεται
1076 893 1188 975 νίκας,

176 1007 218 1088 δίς
240 1030 323 1098 φησι
337 1010 392 1074 καὶ
411 1007 603 1095 Σοφοκλῆς·
623 1002 746 1089 μεγάλη
766 1005 800 1068 δέ
816 1002 836 1081 ῆ
852 999 1034 1086 τοῦἍρεος
1050 995 1153 1082 ἰσχύς·
1172 1000 1228 1063 καί
1243 996 1380 1085 τρόπον
1399 1000 1463 1064 τινά

175 1118 237 1179 τῶν
252 1113 357 1177 ἀλλων
373 1111 464 1176 θεῶν
478 1110 689 1193 νενεμημένην
702 1108 774 1193 δίχα
791 1106 850 1187 τῆν
867 1105 1003 1188 δύναμιν
1016 1105 1050 1169 έν
1062 1100 1186 1179 τούτοις
1203 1101 1356 1188 ὁρῶμεν·
1377 1102 1399 1182 ἡ
1412 1110 1463 1188 μὲν

174 1216 237 1303 γάρ
253 1212 428 1291 οἰκειωτικὴ
441 1213 523 1298 πρὸς
535 1213 572 1277 τὸ
585 1213 701 1287 καλὸν,
720 1210 780 1290 ῆδ
796 1207 997 1288 ἀντιτακτικὴ
1011 1206 1092 1295 πρὸς
1107 1205 1144 1270 τὸ
1157 1200 1298 1294 αἰσχρὸν
1312 1204 1464 1294 ἀρχῆθεν

176 1321 318 1403 ἐγγέγονε
344 1318 415 1393 ταῖς
439 1319 573 1401 ψυχαῖς,
604 1309 645 1391 ὥς
672 1338 735 1378 που
759 1318 815 1379 καὶ
841 1311 981 1377 Πλάτων
1005 1355 1300 1377 ..............
1319 1310 1368 1375 τὰ
1389 1312 1465 1391 εἴδη.

178 1421 354 1503 ΙΣκοποῑμεν
373 1406 430 1483 οὖν
452 1417 567 1496 εὐθύς,
601 1411 651 1481 δτι
669 1421 724 1496 τῆς
742 1413 936 1504 ’Λιγροδίτης
957 1415 995 1479 τὸ
1018 1411 1111 1500 ἔργον
1133 1411 1249 1502 ἔρωτος
1276 1409 1384 1478 ὤνιόν
1402 1413 1463 1478 ἐστι

177 1523 339 1608 δραχμῆς,
366 1523 421 1585 καὶ
449 1518 519 1587 ούτε
545 1517 647 1585 πόνον
668 1521 771 1596 οὐδεὶς
799 1519 869 1584 οὔτε
894 1519 1041 1583 κίνδυνον
1069 1513 1273 1605 ἀηροδισίων
1298 1515 1401 1581 ἕνεκα
1423 1517 1464 1599 μῆ

177 1626 257 1709 ἐρῶν
281 1621 432 1707 ὑπέμεινε.
457 1623 527 1689 Καὶ
553 1619 638 1701 ὅπως
658 1623 805 1687 ἐνταῦθα
824 1622 870 1707 μῆ
894 1620 1024 1709 Φρύνας
1044 1617 1273 1701 ὀνομαζωμεν,
1293 1607 1321 1684 ὦ
1345 1619 1466 1709 έταίρε,

176 1724 200 1805 ἢ
219 1726 365 1804 Λαΐδας,
386 1724 594 1791 Γναθαίνιον

366 1824 566 1916 Ἕφέσπερον
584 1829 722 1894 δαίουσα
744 1831 928 1917 λαμπτῆρος
946 1828 1041 1905 σέλας

177 1955 363 2040 ἐκδεχομένη
382 1959 437 2020 καλ
459 1958 604 2020 καλοῦσα
622 1952 832 2044 παροδεύεται
848 1952 1015 2030 πολλάκις·

370 2058 502 2124 Ἐλθὼν
520 2058 551 2124 δ’
572 2058 721 2140 ἐξαπίνης
739 2058 854 2141 ἀυεμος
873 2057 933 2124 σύν
958 2054 1051 2145 ἔρωτι
1068 2056 1177 2145 πολλῷ

178 2187 232 2249 καὶ
249 2183 349 2276 πόθῳ
361 2185 459 2252 ταάτό
475 2188 568 2251 τοῦτο
581 2188 644 2252 τῶν
660 2185 830 2251 Ταντάλου
846 2186 1025 2269 λεγομένων
1037 2181 1202 2249 ταλάντων
1215 2184 1269 2247 καλ
1284 2182 1343 2260 τῆς
1355 2180 1469 2248 αάτοῖι

178 2285 279 2372 ἀρχῆς
305 2288 456 2368 ἀντάξιον
483 2290 641 2369 ἐποίησεν.
685 2286 790 2366 Οὕτως
816 2288 963 2367 ἀσθενὴς
987 2290 1045 2354 καί
1070 2282 1227 2375 ἁψίκορός
1247 2281 1376 2364 ἐστινὴ
1398 2287 1464 2362 τῆς

175 2386 373 2475 Ἀφροδίτης
390 2390 655 2479 χάρις,Ἔρωτος
672 2395 717 2478 μῆ
740 2392 994 2469 ἐπιπνεύσαντος.
1021 2389 1094 2455 ’Ἔτι
1112 2390 1147 2456 δέ
1165 2390 1288 2473 μᾶλλον
1304 2385 1463 2453 κάκεῖθεν

179 2488 220 2555 ἀν
235 2489 390 2568 συνίδοις·
410 2493 526 2557 πολλοὶ
539 2494 601 2580 γάρ
619 2492 820 2581 ἀφροδισίων
833 2494 948 2578 ἑτέροις
961 2492 1191 2574 ἐκοινώνησαν,
1211 2488 1250 2556 ού
1260 2489 1365 2576 μόνον
1380 2488 1467 2556 ἐταί·

180 2616 241 2676 ρας
259 2590 343 2656 ἀλλά
361 2597 417 2656 καὶ
440 2595 580 2677 γαμετὰς
599 2593 890 2677 προαγωγεύοντες·
911 2590 1015 2682 ίίσπερ
1036 2600 1093 2662 καλ
1112 2593 1131 2660 ὁ
1148 2592 1310 2679 Ῥωμαῖος
1329 2595 1468 2672 ἐκεῖνος,

112 2715 163 2771 7υο
181 2683 205 2759 ὦ
226 2695 347 2782 έταῑρε,
365 2693 506 2779 Κάββας
529 2695 629 2760 εἱστία
652 2697 846 2784 Μαικήναν,
871 2694 919 2774 ιάς·
935 2695 1054 2778 ἔοικεν,
1080 2687 1147 2763 εἶτα
1167 2695 1255 2786 ὁρῆν
1273 2696 1466 2777 διαπληκτι-

180 2796 313 2880 ζόμενον
332 2795 395 2861 ἀπό
412 2796 576 2881 νευμάτων
595 2800 676 2886 πρὸς
695 2802 731 2864 τὸ
748 2799 899 2886 γύναιον,
920 2799 1088 2867 ἀπέκλινεν
1103 2800 1209 2886 ῆσυχῆ
1224 2799 1285 2881 τὴν
1304 2802 1467 2889 κεφαλὴν,

179 2899 221 2977 ὡς
239 2901 278 2979 δὴ
297 2895 487 2964 καθεύδων·
509 2901 655 2992 ἐντούτῳ
671 2904 710 2983 δῆ
729 2906 790 2968 τῶν
806 2899 935 2968 οἰκετῶν
948 2927 1035 2982 τινος
1053 2906 1270 2991 προσρυέντος
1290 2901 1468 2992 ἔξωθεντῇ

180 3004 334 3093 τραπέζῃ,
355 3002 478 3065 καὶτὸν
492 2991 581 3068 οἶνον
594 3002 847 3094 ὑφαιρουμένου,
867 3007 1062 3091 διαβλέψας,
1082 3003 1355 3089 ,Κακόδαιμσν“,
1376 2995 1467 3082 εἶπεν,

179 3106 261 3185 ,ούκ
279 3097 406 3182 οἶσθα,
427 3100 476 3171 ὅτι
493 3107 581 3196 μόνῳ
598 3106 757 3197 Μαικῆνρι
769 3108 922 3173 καθεύδω
933 3113 965 3190 ;“
986 3110 1081 3174 τοῦτο
1098 3115 1157 3193 μέν
1174 3096 1233 3173 σύν
1251 3108 1335 3186 ἴσως
1351 3107 1394 3174 ού
1408 3108 1464 3172 δει

180 3207 238 3273 νόν
260 3209 359 3273 ἐστιν·
387 3196 428 3287 ῆν
443 3207 506 3295 γάρ
531 3207 549 3272 ὁ
576 3207 716 3293 Κάββας
735 3210 952 3293 γελωτοποιός.
986 3209 1043 3276 Ἕν
1060 3212 1095 3278 δέ
1107 3210 1221 3296 ’Ἀργει
1238 3212 1466 3300 Νικόστρατος
1501 3282 1505 3291 ,

182 3307 465 3375 ἀντεπολιτεύσατο
487 3308 568 3396 πρός
591 3311 757 3378 Φάϋλλον·
790 3313 1044 3398 ἐπιδημήσαντος
1061 3305 1118 3380 σύν
1146 3313 1313 3381 Φιλίππου
1334 3319 1395 3381 τού
1411 3315 1466 3399 βυ·
1504 3316 1507 3321 ’

181 3413 307 3491 σιλέως,
337 3413 479 3492 ἐπίδοξος
499 3403 540 3493 ῆν
557 3414 612 3479 διὰ
634 3415 691 3494 τῆς
707 3418 858 3500 γυναικὸς
884 3415 902 3480 ὁ
928 3414 1076 3494 ψάϋλλος
1096 3417 1274 3501 ἐκπρεποῦς
1296 3415 1416 3499 οὔσης,
1443 3411 1467 3481 εί

132 3539 157 3595 B
183 3516 366 3599 συγγένοιτο
389 3518 432 3605 τῷ
459 3515 621 3605 Φιλίππῳ,
649 3516 899 3604 διαπράξασθαί
923 3541 995 3583 τινα
1015 3518 1205 3584 δυναστείαν
1223 3517 1316 3608 αύτῷ
1335 3524 1398 3585 καὶ
1416 3517 1466 3606 ἀρ-

182 3616 259 3703 χῆν·
280 3613 488 3702 αἰσθομένων
509 3617 543 3681 δὲ
559 3621 620 3682 τῶν
636 3623 709 3705 περὶ
729 3619 953 3708 Νικόστρατον
972 3624 1081 3701 τοῦτο,
1100 3623 1155 3686 καὶ
1169 3620 1261 3707 παρὰ
1278 3622 1342 3701 τὰς
1362 3620 1468 3710 θύρας

185 3722 242 3798 τῆς
260 3714 364 3795 οἰκίας
384 3717 661 3805 περιπατούντων,
688 3719 706 3786 ὁ
732 3721 879 3798 Φάϋλλος
896 3721 1062 3803 ὑποδῆσας
1084 3723 1143 3803 τῆν
1161 3727 1304 3808 γυναῖκα
1323 3728 1467 3815 κρηπῖσι,

186 3824 243 3885 καὶ
263 3820 414 3904 χλαμύδα
430 3823 579 3908 περιθεὶς
604 3827 659 3887 καὶ
682 3825 820 3889 καυσίαν
839 3825 1081 3905 Μακεδονικὴν,
1108 3823 1150 3903 ὠς
1173 3826 1233 3892 ἕνα
1252 3829 1322 3893 τῶν
1343 3829 1468 3912 βασιλι·

187 3922 252 3986 κῶν
275 3921 449 3987 νεανίσκων
473 3928 709 4015 παρεισέπεμψε
734 3927 918 3995 λαθοῦσαν.
955 3914 1023 4013 Ἆρ’
1050 3916 1124 4008 σύν,
1142 3928 1288 4017 ἐραστῶν
1311 3931 1469 3999 τοσούτων

187 4023 364 4109 γεγονότων
382 4030 438 4092 καὶ
458 4024 575 4105 ὄντων,
596 4017 701 4093 οἶσθα
722 4028 773 4093 ἐπὶ
791 4033 861 4106 ταῖς
883 4031 940 4092 τοῦ
957 4028 1032 4104 Διὸς
1050 4034 1158 4113 τιμαῖς
1175 4034 1380 4119 προαγωγὸν
1400 4036 1469 4122 ἐρο·

188 4129 287 4209 μένου
302 4125 494 4212 γενόμενσνς
514 4129 573 4211 ἐγὼ
591 4135 650 4212 μέν
670 4129 726 4196 οάκ
742 4119 848 4214 οἶμαι·
865 4129 974 4195 πόθεν
991 4128 1073 4219 γάρς
1093 4126 1176 4197 ὅπου
1193 4135 1250 4199 καὶ
1268 4138 1342 4213 τοῖς
1357 4135 1470 4227 τυράν

190 4249 259 4305 νοις
278 4226 449 4314 ἀντιλέγων
466 4239 525 4316 μέν
541 4230 643 4309 οὐδεὶς
665 4231 735 4297 ούτε
758 4230 1071 4313 ἀντιπολιτευόμενὸς
1088 4233 1189 4313 ἐστιν,
1218 4231 1420 4321 ἀντερῶντες
1441 4239 1470 4304 δέ

193 4331 308 4395 πολλοὶ
329 4337 385 4397 καὶ
405 4332 668 4423 φιλοτιμούμενοι
688 4336 760 4422 περὶ
782 4336 843 4399 τῶν
869 4335 975 4398 καλῶν
993 4337 1048 4399 καί
1067 4333 1209 4422 ἀραίων·
1233 4334 1370 4405 ἀκούετε
1397 4341 1468 4426 γάρ,

207 4478 409 4493 m

195 4535 233 4592 D.
254 4542 279 4590 6.
314 4543 395 4599 έσιιν,
412 4532 479 4599 οὔτε]
497 4532 556 4591 BE.
594 4530 694 4606 Vulgo
712 4538 779 4595 ἐστι,
800 4532 866 4591 ούτε.

88 4626 161 4728 q
195 4628 232 4683 D.
257 4634 273 4683 8
317 4626 380 4693 ἐπεὶ]
398 4625 475 4686 Μετ.
494 4626 591 4681 Reisk.
626 4624 726 4700 Vulgo
742 4634 790 4687 ἐπὶ.

192 4721 217 4778 Ε.
245 4728 269 4780 3,
308 4718 499 4793 ῆτσεῗῖδρεοςλ
524 4720 653 4796 {adjeci
671 4740 686 4776 e
704 4720 766 4779 BE.
