3036 4994
177 188 219 252 28
622 238 628 248 .
654 174 986 247 IZAOYTAPXOY

173 341 269 430 ἀνδρὶ
295 343 329 407 δὲ
350 339 388 406 τό
416 338 589 406 κάλλιπον
617 339 826 426 ἐπιχειροῦντι
851 334 994 426 θήραμα
1018 332 1133 425 φιλίαν
1154 325 1254 412 ε’λείν,
1282 332 1364 401 οῦτε
1394 331 1468 412 θεός

171 445 244 511 οῦτε
267 444 391 528 δαίμων
419 442 595 509 ἀπευθύνει
623 447 680 507 καὶ
706 438 942 528 συνεφάπτεται
969 441 1025 518 τής
1053 437 1176 526 όρμής,·
1207 437 1291 523 Ἑγιό
1314 443 1384 522 μὲν
1411 437 1465 524 γάρ

170 549 245 613 οὐδὲ
266 548 376 634 δρυός,
398 549 470 612 οῦδὲ
488 545 608 666 μορίας
630 542 702 611 οὐδ’
725 539 764 625 ήν
779 539 924 631 Ὅμηρος
943 537 963 623 A
970 538 1118 630 μερίδα
1143 539 1313 626 σεμνύνων
1340 545 1467 627 προσεῑ·

171 673 246 730 πεν,
275 647 549 736 ἀκαλλέστερον”
531 671 624 735 ερνος
646 646 718 713 οῦδὲ
739 644 979 769 φαυλότερον’
963 647 1102 730 ηγοῦμαι
1126 643 1230 730 φυτόν
1255 640 1464 768 ανθρωποι,

172 743 198 818 A
223 754 297 842 φίλε
323 756 489 877 Δαφναῖε,
516 750 762 835 βλαστήσεως’
749 752 853 839 ορμήν
879 748 993 836 ἔχοντα
1019 747 1303 839 διαφαίνουσαν“
1287 742 1390 836 ω’ραν
1412 751 1464 812 καὶ

171 852 331 977 κάλλος”
308 882 377 941 αμα
398 854 547 941 σώματος
565 859 621 920 καὶ
641 856 756 945 ψυχῆς.

248 997 301 1073 ιε’.
335 999 439 1065 Καὶ
426 1025 444 1064 ο
463 1000 649 1086 Δαφναῖος,
683 997 740 1074 Τίς
762 999 796 1062 δὲ
818 958 941 1075 άλλως,
971 985 1076 1073 εἶπεν,
1104 984 1129 1057 A
1151 992 1233 1082 πρός
1260 993 1345 1058 τῶν
1360 993 1468 1073 θεῦνς

169 1092 264 1166 Οότοι
278 1125 318 1181 νη
307 1100 450 1180 “”κλιἀ,
432 1125 511 1190 εφη,
531 1100 662 1180 πάντες,
683 1099 840 1222 όιιατήρ,
861 1124 893 1172 οι
884 1097 1132 1184 ’νομίζοντες
1111 1097 1234 1219 αρότου
1252 1099 1315 1162 καὶ
1337 1094 1468 1185 σπόρου

117 1218 142 1274 F
169 1209 223 1270 καὶ
245 1205 378 1294 φυτείας
397 1205 578 1288 ἐπιμέλειαν
597 1205 691 1281 θεοῖς
707 1204 890 1294 προσήκειν.
908 1199 1009 1267 Ἢ
971 1226 1033 1289 γαρ
1052 1199 1090 1268 οῦ
1106 1198 1233 1343 νύμφαι
1248 1205 1339 1279 τινες
1358 1199 1470 1278 αῦτοῦς

170 1307 306 1396 δρυάδες
326 1303 407 1372 εισὶν

295 1408 562 1501 Ἱσοδλνδρον
581 1409 702 1496 τέκμαρ
724 1404 1028 1495 αι’ῦνοςλαχοῦσαι·
1427 1448 1430 1453 -

357 1513 525 1603 Δενδρὲων
546 1513 580 1575 δὲ
599 1512 702 1594 νομόν
721 1510 878 1588 Διόνυσος
896 1509 1092 1596 πολυμαθής
1111 1506 1242 1591 αὐξάνει
1302 1579 1305 1583 ,
1375 1564 1379 1577 .

358 1611 485 1698 Λγνόν
503 1615 622 1701 φέγγος
641 1611 786 1702 ὀπώρας,

167 1739 251 1805 κατά
264 1738 451 1826 Πίνδαρον·
468 1740 645 1828 μειρακίων
665 1741 694 1806 δ’
716 1741 782 1828 ἀρα
801 1744 858 1808 καὶ
876 1721 1003 1807 παίδων
1021 1741 1056 1807 ἐν
1076 1734 1145 1830 όίρρι
1163 1742 1221 1805 καὶ
1242 1737 1347 1808 ἄνθει
1364 1745 1471 1811 πλατ-

165 1847 308 1928 τομένων
324 1848 380 1908 καὶ
399 1842 647 1932 ῥυθμιζομένων
667 1847 790 1934 τροφαὶ
808 1850 865 1910 καὶ
889 1842 1035 1925 αὐξήσεις
1054 1842 1161 1910 οῦδενὶ
1183 1844 1277 1910 θεῦν
1297 1843 1322 1926 A
1346 1847 1470 1933 δαιμό-

165 1968 231 2012 νων
254 1945 493 2035 προσήκουσιν;
523 1945 590 2013 οῦδ
619 1946 707 2014 ἔστιν
727 1939 754 2039 A
764 1950 853 2032 μέλει
874 1947 1038 2038 φυόμενον
1064 1947 1248 2033 ἄνθρωπον
1274 1944 1322 2026 είς
1342 1947 1471 2038 ἀρετήν

101 2053 152 2113 758
170 2049 279 2137 ὀρθόν
302 2052 427 2126 ἐλθεῖν,
451 2055 508 2118 καὶ
535 2051 581 2136 μή
610 2055 865 2140 παρατραπῆναι
895 2053 977 2136 μηδὲ
1006 2053 1200 2132 κλασθῆναι
1227 2052 1266 2117 τό
1288 2058 1467 2136 γενναῖον,

168 2153 288 2244 ἐρημία
316 2156 492 2239 κηδεμόνος
518 2153 542 2236 A
569 2157 668 2245 κακίςι
695 2157 758 2221 τῶν
785 2152 1113 2245 προστυγχανόντωνς
1137 2152 1191 2219 Ἢ
1208 2157 1259 2223 καί
1283 2155 1323 2220 τό
1350 2157 1466 2240 λέγειν

167 2260 271 2323 ταῦτα
288 2259 428 2325 δεινόν’
413 2282 480 2326 εστι
498 2265 557 2327 καὶ
570 2259 761 2350 ἀχάριστον,
782 2258 1007 2337 ἀπολαύοντάς
1024 2284 1059 2345 γε
1074 2282 1132 2324 του
1117 2256 1242 2325 θείου
1256 2278 1315 2323 τοο
1299 2258 1460 2376 φιλαν-

164 2348 307 2448 θρώπου
326 2362 527 2484 πανταχόσε
532 2367 745 2449 νενεμημένου
762 2368 819 2430 καὶ
840 2365 995 2449 μηδαμοῦ
1012 2361 1246 2451 προλείποντος
1263 2360 1296 2427 ἰν
1314 2358 1451 2449 χρείαις

165 2451 211 2526 ὧν
233 2462 488 2552 ἀναγκαιότερον
508 2464 593 2532 ἔνιαι
613 2469 651 2532 τό
675 2464 815 2546 τέλος”
793 2494 813 2548 η
839 2465 1014 2532 κάλλιον”
995 2487 1138 2552 εχουσινς
1160 2462 1285 2551 Ὠσπερ
1310 2461 1454 2540 εῦθῦς
1436 2487 1459 2544 η

164 2569 239 2653 περὶ
260 2566 318 2646 τήν
339 2568 462 2649 γένεσιν
492 2566 596 2654 ἡμῶν,
625 2567 682 2634 οῦκ
711 2568 866 2656 εὐπρεπής
889 2558 973 2634 οὖσα
1003 2568 1047 2634 δι’
1076 2562 1216 2652 αίματος
1239 2570 1298 2633 καὶ
1321 2564 1463 2643 ῦδίνων,

165 2663 253 2752 ὅμως
272 2667 335 2754 ἔχει
352 2669 453 2736 θείαν
467 2666 643 2737 ἐπίσκοπον
653 2667 849 2738 Ειλείθοιαν
867 2675 921 2736 καὶ
934 2659 1133 2757 Λοχείαν·
1111 2693 1154 2751 ην
1175 2672 1210 2736 δι’
1227 2692 1293 2737 πον
1310 2667 1358 2755 μή
1378 2666 1464 2753 γίνε-

165 2773 255 2836 σθαι
273 2775 418 2856 κρεῖττον
437 2768 460 2852 A
477 2774 637 2858 γενέσθαι
650 2775 769 2853 κακόν,
789 2771 1020 2862 ἁμαρτάνοντα
1042 2771 1218 2858 κηδεμόνος
1237 2769 1380 2855 ἀγαθοῦ
1407 2772 1464 2835 καὶ

169 2873 326 2964 φόλακος.
372 2874 418 2941 OA
435 2877 502 2960 μήν
522 2874 596 2942 οῦδὲ
615 2881 791 2956 νοσοῦντος
811 2875 994 2965 ἀνθρώπου
1009 2877 1092 2954 θεός
1110 2875 1293 2943 ἀποστατεῖ
1308 2872 1463 2961 τήν-περὶ

115 2970 140 3029 Β
168 2978 262 3042 τοῦτο
282 2976 394 3063 χρείαν
412 2984 469 3043 καὶ
488 2977 626 3065 δύναμιν
645 2976 790 3066 εἰληχώς,
811 2978 878 3046 ἀλλ
903 2979 976 3046 οῦδὲ
996 2976 1284 3057 ἀποθανόντος·”
1266 2999 1341 3044 εστι
1360 2976 1399 3042 δέ
1416 2999 1462 3052 τις

165 3081 233 3145 ἐκεῖ
248 3082 405 3170 κομιστὴρ
427 3083 561 3149 ἐνθένδε
580 3089 638 3150 καὶ
662 3084 788 3173 ἀρωγὸς
810 3086 845 3150 ἐν
864 3086 946 3150 τέλει
964 3084 1144 3171 γενομένων
1162 3079 1390 3163 κατευναστὴς
1406 3076 1459 3147 και

166 3187 398 3271 φνχοπομπός,
419 3180 524 3276 ὥσπερ
546 3211 639 3266 ουτος
645 3238 654 3269 ,

357 3301 462 3369 OA'
420 3327 484 3425 γαρ
503 3328 544 3388 με
563 3303 670 3384 λλόξ”
652 3329 750 3371 ετικτε
770 3303 929 3387 δεσπότην
946 3302 1062 3395 λόρας,

362 3405 408 3472 Οῦ
425 3407 543 3492 μάντιν
562 3405 666 3474 οὐδ”
651 3410 779 3496 ιατρόν,
799 3411 883 3475 ἀλλά
901 3410 1028 3491 θνητόν
1049 3403 1120 3493 άμα
1139 3406 1271 3497 ψυχαῖς.
1374 3472 1378 3479 .

164 3533 235 3599 Καὶ
248 3532 290 3599 τά
303 3536 438 3600 τοιαῦτα
450 3536 573 3613 πολλάς
586 3533 649 3622 ἔχει
662 3537 862 3624 δυσχερείας·
882 3537 1005 3604 ἐκείνου
1021 3537 1050 3604 δ’
1067 3535 1125 3602 οῦκ
1140 3533 1228 3600 ἔστιν
1243 3529 1350 3599 είπεῖν
1367 3530 1465 3621 ἔργον

164 3635 333 3724 ἱερώτερον
351 3636 425 3703 οῦδὲ
444 3633 712 3727 άμιλλανλέτέραν
731 3639 799 3706 οῦδ
817 3640 927 3725 άγιῦνα
943 3642 1016 3732 θεῷ
1034 3642 1166 3729 πρέπειν
1179 3638 1309 3724 μάλλον
1328 3637 1462 3726 ε’φορρὶν

161 3929 197 3989 Ε.
221 3936 249 3989 4.
281 3932 384 4004 μορίας]
402 3929 464 3990 ΒΕ.
483 3929 554 3991 Ald.
572 3933 639 3990 Bas.
674 3929 776 4006 Vulgo
793 3937 898 4004 μορίας.

161 4020 196 4078 Ε.
221 4021 261 4081 ih.
288 4025 430 4094 προσεῖπεν]
448 4020 511 4084 BF..
545 4022 646 4100 Vulgo
663 4034 788 4095 προεῖπεν.

161 4111 197 4169 Ε.
222 4123 249 4173 A·
285 4113 364 4188 νίραν]
382 4115 482 4174 Reisk.
517 4115 619 4192 Vulgo
637 4114 701 4190 AAA.
875 4111 880 4123 .

161 4204 199 4261 E.
222 4210 248 4262 8.
284 4204 372 4274 ἄλλως]
394 4205 550 4280 Wyttenh.
570 4225 585 4262 e
604 4207 730 4264 Leonic.
765 4208 867 4284 Vulgo
884 4208 972 4274 ἄλλος.

161 4298 199 4358 Ε.
224 4305 250 4357 9.
286 4298 394 4372 ἀρότου]
412 4299 566 4373 Wyttenh.
603 4299 704 4376 Vulgo
722 4297 846 4374 ἀρότρου.

160 4389 194 4450 F.
222 4396 247 4451 l.
280 4390 299 4462 A
317 4392 367 4464 γάρ
385 4389 426 4458 οῦ]
446 4392 506 4452 ΒΕ.
542 4393 644 4468 Vulgo
662 4389 694 4448 οῦ
709 4392 770 4467 γάρ.
849 4442 852 4447 .

161 4481 195 4538 F.
219 4489 245 4541 3.
280 4488 437 4559 ἰσοδένδρου]
461 4487 608 4547 ReiskiuS.
645 4485 748 4562 Vulgo
763 4495 820 4543 ἶσον
837 4491 953 4563 δένδρον.

161 4573 196 4632 F.
215 4574 254 4635 ib.
284 4578 422 4643 λαχοῦσαι]
440 4579 575 4653 Heynius
592 4586 720 4650 λαχοῖσαι.

161 4667 195 4726 F.
221 4673 248 4726 4.
283 4664 372 4741 νομόν]
389 4670 556 4743 Boeckhius.
592 4673 693 4752 Vulgo
708 4672 816 4752 τρόπον.
