3036 4994
629 202 878 273 ΕΡΩΤΙΚΟΣ.
1366 200 1404 266 ¹5

113 364 335 442 admiscemus,
360 365 568 449 imprudentes
592 371 737 453 tanquam
758 365 789 430 in
810 386 882 430 aere
907 376 1046 430 stannum
1073 364 1264 431 aboleamus.
1305 365 1403 449 Mag·

114 493 190 534 num
207 469 290 534 'enim
312 482 372 549 est,
400 470 442 548 si,
466 472 664 538 adolescente
684 494 753 535 cum
781 470 908 535 muliere
929 471 1012 535 tenui
1033 484 1064 536 et
1083 470 1191 535 humili
1211 467 1403 552 conjuncto,

117 574 271 637 rtrasculus
291 591 400 651 sexus,
430 589 463 640 ut
483 576 587 640 vinum
609 599 687 662 aqua
708 578 856 654 dilutum,
878 574 1048 640 antecellit.
1088 575 1188 658 Atqui
1208 577 1285 638 haec
1304 572 1403 657 impe·

115 691 220 742 ratum
241 691 273 742 et
290 679 434 763 superior
454 696 501 747 est
525 683 648 758 santra,
674 695 821 766 qumntmu
848 694 989 763 apparet.
1031 680 1106 743 Nou
1131 679 1209 744 enim
1230 679 1306 742 alias
1324 692 1402 761 pro·-

115 781 203 865 J'ecta
228 783 329 866 gloria
358 797 461 860 tenta,
495 799 525 851 et
555 787 718 851 nobilitate
748 786 890 870 generis,
932 798 1026 869 atque
1055 783 1191 864 opibus,
1222 783 1403 849 ambivisset

115 889 374 952 adolescentulum
401 891 564 971 chlamyde
584 891 748 956 etiamnum
769 891 928 965 indutum,
954 900 985 953 et
1010 887 1063 952 cui
1082 891 1183 952 adhuc
1203 891 1403 972 paedagogus

114 993 157 1057 sit
180 1015 273 1076 opus.
315 997 424 1080 haque
451 997 495 1072 ii,
524 995 578 1080 qui
604 995 741 1078 sapiunt,
769 994 829 1078 ipsi
849 1010 994 1076 tanquam
1015 994 1080 1056 alas
1100 993 1260 1056 mulierum
1280 990 1402 1074 praeci·

114 1099 191 1161 dunt
210 1097 314 1162 luxum
336 1102 376 1162 ab
398 1101 511 1181 opibus
530 1101 725 1182 proiectum,
756 1100 810 1185 qui
835 1099 947 1164 casita
968 1098 1074 1163 inanes
1093 1097 1169 1163 lacit
1189 1109 1220 1161 et
1238 1098 1341 1172 leves,
1369 1107 1405 1160 ut

113 1224 207 1284 saepe
231 1207 370 1269 avolent.
412 1204 546 1288 Alioqui
573 1217 725 1285 praestat,
749 1205 852 1269 aureis
879 1204 1081 1288 compedibus
1107 1203 1236 1286 ligatum
1265 1220 1404 1274 manere,

113 1310 200 1391 quod
220 1309 274 1371 liat
294 1309 325 1373 iu
346 1308 533 1390 Aethiopia,
553 1333 644 1392 quam
664 1308 782 1375 divitiis
803 1309 925 1374 uxoris.

193 1412 292 1475 VlIl.
332 1414 419 1476 llaec
439 1434 516 1478 vero
543 1436 606 1485 non
633 1413 728 1491 dicis,
755 1413 859 1496 ajebat
885 1416 1102 1499 Protogenes,
1134 1413 1221 1495 quod
1246 1411 1349 1495 inepte
1373 1418 1405 1473 et

114 1513 247 1580 ridicule
266 1516 398 1582 Hesiodi
417 1533 616 1601 praeceptum
636 1541 695 1583 nos
714 1516 918 1583 invertimus?
937 1517 964 1582 si
985 1517 1110 1601 quidem
1129 1515 1157 1581 is
1177 1515 1277 1580 dixit:

311 1641 401 1710 Tum
422 1644 485 1711 tibi
506 1645 665 1731 coajuqii
683 1656 826 1712 ›nature
837 1643 969 1724 foedus
987 1644 1122 1733 initur,

221 1760 224 1765 '
307 1744 394 1816 Cum
415 1749 569 1833 triqinta
588 1771 718 1838 aranos,
740 1749 795 1818 uel
807 1747 923 1842 paulo
939 1746 1066 1840 plusne
1085 1749 1244 1816 minusue

302 1848 472 1943 Impleris
493 1855 609 1922 uitae:
629 1867 787 1943 quatuor
807 1864 954 1945 quater,
975 1865 1039 1920 aut
1057 1873 1166 1946 super
1185 1873 1296 1919 aarum
1408 1887 1409 1891 =

305 1952 410 2023 Nata
429 1979 544 2049 annos
562 1959 683 2027 nubat.
707 1997 745 2014 -

111 2111 170 2154 nos
192 2086 323 2154 totidem
342 2086 410 2151 lece
430 2085 543 2169 majori
564 2098 636 2150 natu
663 2084 785 2151 mulieri
812 2098 957 2171 tauquam
982 2084 1133 2167 palmulas
1162 2097 1192 2149 et
1220 2084 1298 2150 licus
1324 2086 1349 2160 †
1374 2095 1406 2149 et

111 2193 307 2257 immaturum
334 2191 436 2256 virum
462 2189 702 2272 applicabimus.
749 2193 860 2268 Amat,
888 2189 990 2267 dices,
1017 2211 1086 2253 eum
1110 2202 1141 2254 et
1166 2187 1280 2252 uritur.
1322 2186 1407 2266 Quid

112 2320 192 2362 vero
212 2297 377 2380 prohibet,
397 2294 471 2379 quin
493 2305 697 2358 comessatmn
718 2294 866 2358 adfores
886 2292 954 2376 ejus
973 2293 1040 2377 ipsa
1060 2305 1125 2369 eat,
1144 2304 1247 2356 cantet
1263 2313 1405 2368 carmen,

113 2406 203 2485 qrrod
221 2422 238 2464 a
259 2401 333 2462 fletu
362 2402 401 2462 ad
423 2398 545 2481 januam
573 2410 704 2462 vocatur
729 2398 1049 2481 paraklausithyrum,
1076 2396 1289 2505 imagunculas
1313 2395 1406 2460 senis

115 2518 222 2579 ornet,
237 2503 330 2569 omni
350 2517 463 2568 conatu
484 2525 553 2565 cum
574 2501 726 2567 rivalibus
747 2506 897 2568 decertet.
937 2504 1024 2567 Haec
1043 2501 1124 2566 enim
1145 2501 1296 2566 amatoria
1315 2515 1404 2576 sunt,

114 2621 178 2673 terro
198 2608 397 2692 supercilium
418 2606 610 2682 demittatur,
630 2609 707 2672 luxu
721 2609 875 2672 abstineat
889 2620 919 2672 et
931 2609 1065 2672 formam
1079 2607 1185 2671 induat
1198 2606 1271 2671 huic
1291 2609 1406 2671 morbo

113 2715 362 2778 convenientem.
403 2712 438 2776 Si
465 2734 544 2777 vero
571 2715 684 2794 pudet,
715 2725 747 2776 et
773 2725 857 2777 casta
884 2726 951 2791 est,
978 2711 1063 2777 domi
1090 2710 1227 2777 desideat
1249 2715 1406 2786 modeste,

112 2833 335 2903 exspectetqne
355 2840 469 2900 procos
490 2830 521 2881 et
541 2815 642 2882 studia
662 2816 860 2882 ambientium
881 2817 948 2901 ejus
968 2817 1104 2901 nuptias.
1144 2816 1313 2883 Mulierem
1335 2815 1405 2899 qui·

112 2928 180 2987 dem
209 2946 312 2988 arctare
337 2925 534 3005 prolitentem
561 2922 629 3007 quis
656 2945 720 2987 non
747 2923 851 3010 fugiat
876 2936 906 2988 et
933 2922 1153 2998 abominetur,
1185 2934 1336 2997 metuens,
1366 2941 1407 2984 ue

111 3028 332 3110 impudicitiam
353 3031 432 3092 hanc
452 3028 549 3092 saciat
567 3024 616 3091 sui
636 3026 823 3094 matrimonii
844 3026 1053 3110 principium?

192 3135 255 3198 lX.
297 3136 469 3217 Postquam
483 3131 572 3218 loqui
588 3133 677 3198 desiit
693 3121 911 3219 Protogenesz
927 3133 1077 3209 Videsne,
1090 3131 1192 3217 inquit
1207 3131 1408 3213 Daphnaeus,

114 3239 156 3304 mi
172 3237 358 3313 Anthemio,
379 3261 503 3302 rursum
522 3260 578 3302 eos
591 3260 609 3302 e
622 3254 714 3303 caussa
735 3240 931 3321 propositum
952 3238 1058 3302 facere
1071 3241 1095 3314 †
1108 3258 1235 3301 necesse
1255 3233 1408 3312 [caussam

113 3356 146 3408 et
167 3342 323 3406 oratoriam
344 3341 495 3407 orationis
509 3366 700 3408 communem
722 3367 759 3408 ac
778 3341 981 3408 necessariam
997 3343 1117 3424 facere]
1137 3341 1248 3419 uobis,
1270 3341 1408 3426 quinon

113 3469 280 3532 negamus,
308 3469 409 3532 neque
435 3447 563 3534 fugere,
593 3450 648 3532 qrri
673 3449 861 3536 conjugialis
889 3446 1006 3513 amoris
1032 3448 1063 3512 in
1084 3451 1185 3512 choro
1205 3469 1323 3512 sumus.
1365 3447 1409 3510 Et

112 3554 262 3638 prolecto
287 3574 343 3634 per
369 3554 500 3630 Jovem,
532 3553 633 3638 inquit
662 3555 850 3630 Anthemio,
880 3552 1023 3617 defendit
1046 3552 1189 3637 pluribus
1219 3572 1275 3616 eos
1304 3571 1408 3613 arnare

121 3659 272 3740 [deiende
285 3660 434 3723 Amorem
449 3658 595 3742 longiore
609 3661 769 3738 oratione,
791 3660 905 3744 quippe
918 3658 986 3742 ipse
999 3657 1135 3739 annaus].
1176 3660 1239 3724 Sed
1258 3658 1409 3721 adversus

110 3822 334 3838 Μ

119 3922 155 3981 Β.
181 3929 207 3981 4.
243 3918 382 4003 eiroerslor]
400 3922 546 3982 Relsltlus.
581 3923 682 4000 Vulgo
699 3929 803 3982 niualem

120 4013 155 4073 Β.
178 4022 206 4074 6.
241 4025 327 4086 φυγεῖν
342 4038 379 4078 τις
393 4014 425 4071 cir
441 4013 508 4092 ἔχοι]
526 4014 682 4089 Wyttenb.
700 4020 829 4092 conjecit
862 4015 942 4092 pulpos
955 4041 993 4083 τις
1006 4018 1065 4074 νοῦν
1082 4024 1151 4084 lxma.

121 4107 154 4166 ll.
173 4107 224 4166 ult.
244 4102 258 4162 ὁ
275 4103 373 4182 πατὴρ]
391 4107 503 4164 addidit
518 4106 672 4182 Wyttenh.
690 4127 727 4165 ex
744 4109 779 4169 E.

122 4198 155 4254 C.
179 4203 205 4258 2.
239 4205 296 4272 περὶ
311 4193 408 4272 γάμον]
426 4200 460 4259 Ε.
496 4199 597 4275 Vulgo
615 4207 674 4274 περὶ
689 4199 784 4273 γάμων.
891 4218 895 4222 ’

123 4291 156 4350 C.
180 4302 203 4352 7.
238 4291 331 4364 ἡκαλὴ
349 4288 414 4364 -ἦ
431 4286 509 4366 γένει]
527 4291 680 4366 Wyttenb.
699 4313 736 4351 ex
754 4293 880 4354 Leonic.
900 4293 1014 4352 Schott.
1033 4293 1132 4353 Auou.
1153 4294 1189 4354 T.
1208 4293 1245 4354 V.
1266 4293 1297 4355 Β.
1316 4293 1408 4354 edidit

255 4391 276 4440 el
292 4381 357 4454 scia]
375 4415 405 4427 —
425 4392 446 4441 si
462 4395 533 4456 γένει.

122 4475 157 4532 C.
178 4474 228 4537 ult.
245 4475 345 4553 ποινὰς]
372 4476 528 4554 Wyttenh.
556 4496 571 4534 c
596 4477 664 4538 Bas.
690 4479 869 4562 xy1.sa1m.
906 4479 1002 4554 Vulgo
1020 4485 1111 4543 attane·
1154 4479 1253 4538 Reisk.
1281 4481 1408 4555 conjecit

257 4565 313 4638 nixi
328 4576 372 4628 nal
388 4567 488 4642 ἀπηνεῖς
504 4573 622 4627 καλοῦσιν
639 4568 724 4636 αὐτάς.
