3036 4994
107 164 110 191 ¹
154 186 197 251 ιι·
630 150 963 247 αΛοενΑΡΧόν

156 341 360 410 κόνίεταιδέ
383 336 450 408 καλ
457 313 681 434 ψυχρολουτεῖ
709 343 764 443 καί
797 338 854 417 τάς
880 337 983 464 όμρύς
1016 336 1117 426 αἴρει,
1158 341 1215 404 καί
1240 317 1446 440 φιλοσοφεῖν

116 451 120 457 ’
155 468 238 536 φησι
258 449 316 513 καὶ·
329 467 496 579 σωφρόνει
486 444 576 526 ’ἔξω
593 444 647 510 διὰ
666 443 724 509 τόν
735 428 860 528 νόμον·
888 433 958 509 ε’ίτιι
976 439 1097 530 νύκτωρ
1117 446 1175 508 καλ
1193 436 1274 508 καθ’
1300 442 1457 535 ἡσυχίαν

410 547 563 615 Γλυκεῖδ
587 547 700 661 ὀπώρα
717 547 866 658 φύλακος
885 540 1114 650 ἐκλελοιπότος
1169 606 1172 611 .
1213 601 1216 605 .
1316 589 1319 595 ·

155 663 203 748 Εί
212 675 307 761 66,'
282 707 324 783 ως
330 655 418 807 φησι
430 661 661 775 Πρωτογένης.
685 677 743 765 ούκ
761 674 848 744 ἔστιν
864 674 1069 801 ἀφροδισίων
1087 676 1245 740 παιδικῶν
1269 674 1447 756 κοινωνία,

103 804 129 862 Β
154 807 222 862 πως
222 772 377 911 Ἔρας
362 788 464 892 ερτίν,
487 781 695 874 Αιγροδίτης
710 781 757 872 με]
777 778 958 866 παρούσης,
986 775 1027 859 ἣν
1052 775 1155 862 είληγε
1178 778 1223 840 θε
1210 800 1308 903 εραπε
1294 776 1382 844 ύειν
1414 779 1449 844 έκ

153 888 263 994 θεοῖν
262 882 318 953 καὶ
336 873 513 1007 περιέπειν,
543 888 636 974 τιμῆς
657 909 691 951 τε
709 886 850 970 μετέχειν
869 886 925 949 και
944 874 1145 1006 όυναίμεως“
1126 900 1207 945 οσον
1225 881 1329 962 έκείνη
1347 881 1447 951 δίδω-

154 1011 227 1073 σιν;
235 978 343 1089 666³
371 987 440 1056 ἔστι
462 1013 510 1067 τις
520 988 622 1076 Ἔρως
640 993 741 1085 χωρὶς
754 984 970 1076 Ἀφροδίτης,
993 980 1099 1070 ὥσπερ
1117 984 1210 1069 μέθη
1230 987 1343 1073 χωρὶς
1340 985 1452 1067 οἴνου

154 1088 239 1182 πρὸς
248 1084 479 1193 σύκινονπύμα
491 1116 548 1160 και
536 1089 761 1214 κρίθινον,”
740 1110 898 1180 ακαρπον
901 1086 1000 1154 αύτου
984 1089 1068 1154 καί
1080 1048 1232 1164 άτελὲς
1199 1110 1237 1152 το
1246 1087 1449 1173 ταρακτικόν

154 1197 221 1263 ἐστι
240 1199 296 1264 καὶ
313 1187 475 1284 πλήσμιον
493 1200 550 1262 καλ
570 1195 743 1316 άψίκορον.

232 1285 502 1420 ς’..Δεγομένων
528 1297 649 1365 τούτοιν
674 1297 692 1363 6
712 1285 896 1374 Πεισίας
873 1317 915 1376 ην
935 1291 1071 1376 δῆλος’
1052 1293 1243 1378 αγανακτοῖν
1262 1297 1322 1363 καὶ
1336 1318 1449 1384 παρο-

154 1327 363 1521 ξυνόμένρς’
348 1407 400 1469 επὶ
419 1423 477 1467 τον
489 1403 680 1490 Δαφναιον
698 1400 868 1526 μικρόνδέ
888 1395 989 1465 αύτού
1010 1395 1260 1476 καταλιπόντος,
1277 1387 1327 1462 Ω
1343 1396 1452 1484 Ἠρά-

155 1502 303 1586 κλεις,”
284 1527 369 1630 6QQ,
397 1506 454 1584 τῆς
477 1501 636 1590 εὐχερείας
658 1505 714 1568 και
733 1500 956 1589 θρασύτητος
986 1499 1184 1593 ἀνθρώπους
1204 1499 1451 1596 ὁμολογοῦντας

104 1603 263 1690 (ςύίσπερ
282 1609 315 1671 οῖ
334 1602 424 1683 κύνες
447 1606 480 1671 έκ
504 1604 630 1694 μόρίων
649 1603 879 1690 ’συνηρτῆσθαι
897 1603 980 1727 πρὸς
999 1602 1036 1670 τό
1056 1604 1148 1684 θηλυ
1163 1593 1370 1728 μεθιστάναι
1391 1609 1453 1671 καὶ

154 1706 533 1794 μετοικίζειντόνθεόν’
517 1732 551 1773 εκ
563 1709 750 1830 γυμνασίαν
759 1711 817 1774 καὶ
827 1706 1012 1796 περιπάτων
1021 1709 1144 1788 κοίτης
1156 1706 1190 1773 έν
1199 1704 1279 1799 ίγλίιρ
1287 1709 1457 1797 καθαρᾶς,

155 1835 215 1879 και
202 1809 496 1897 άναπεπλαμὲνης
507 1809 715 1900 διατριβῆς’
683 1838 729 1891 εις
732 1808 919 1917 ματρυλεῖα
931 1817 988 1879 καὶ
1000 1813 1138 1899 κοπίδας
1150 1815 1206 1877 καὶ
1215 1810 1379 1908 φάρμακα
1392 1817 1455 1879 καὶ

156 1911 351 2040 μαγεύματα
369 1916 649 2002 καθειργνύμενον
668 1914 858 1982 ἀκολάστων
870 1917 1053 2040 γυναικοῖν·
1065 1915 1131 1979 ἐπεί
1145 1918 1216 1992 ταῖς
1228 1938 1263 1998 γε
1277 1936 1454 2042 oQQQQQQ

156 2017 229 2083 6666
252 2018 347 2140 έροίνν
351 2017 424 2084 οὔτε
444 2019 592 2138 ε’ράσθαι
612 2017 652 2100 δή
671 2042 736 2084 που
751 2016 920 2108 προσηκόν
944 2018 1039 2084 ε’στι-ν.
1065 2012 1244 2082 Ἔνταύθα
1261 2018 1374 2101 μέντοι
1390 2020 1453 2084 καὶ

158 2119 176 2186 ό
199 2121 307 2210 πατὴρ
328 2118 392 2208 ἔφη
415 2124 471 2187 τοῦ
493 2124 723 2210 Πρωτογένους
742 2121 963 2205 ἐπιλαβέσθαι
981 2124 1038 2186 καὶ
1061 2116 1178 2200 εἰπεῖν,

365 2251 383 2260 ’“
434 2247 517 2314 T66’
539 2249 692 2330 ἐξοπλίζει
710 2237 988 2333 τούποςἎργεῖον
1007 2244 1101 2327 λεών,
1213 2270 1217 2285 ’

159 2380 216 2443 καὶ
235 2376 275 2457 νὴ
295 2375 357 2442 Δία
377 2376 536 2465 Δαφναίῳ
556 2358 725 2459 συνδίκους
743 2375 829 2459 ἡμᾶς
842 2375 1064 2464 προστίθησιν
1080 2376 1119 2442 ού
1138 2373 1313 2463 μετριάζων
1332 2373 1447 2441 6116-

160 2477 251 2558 σίας,
280 2476 365 2542 άλλά
387 2480 455 2561 τοῖς
474 2477 591 2565 γάμοις
611 2477 791 2566 ἀνέραστον
813 2477 940 2564 ε’πάγων
965 2481 1020 2544 καί
1040 2478 1181 2566 άμοιρον
1201 2478 1321 2544 ἐνθέου
1337 2476 1452 2568 φιλίας

109 2597 136 2654 1)
163 2566 349 2673 κοινωνίαν,
380 2566 422 2660 ἢν
432 2566 498 2672 τῆς
517 2582 675 2703 ἐρωτικῆς
687 2579 825 2657 πειθοῦς
844 2585 901 2646 καὶ
920 2581 1051 2669 χάριτος
1070 2581 1292 2663 ἀπολιπούσης
1307 2581 1455 2667 μονονού

161 2685 267 2807 ζυγοῖς
291 2685 346 2747 καὶ
367 2681 548 2771 χαλινοῖς
535 2680 585 2747 υπ’
612 2679 780 2770 α”ισχύνης
790 2687 846 2748 καί
866 2685 975 2774 φόβου
997 2684 1089 2771 μάλα
1113 2685 1209 2772 μόλις
1234 2688 1454 2772 συνεχομένην

162 2786 299 2884 ὁρῶμεν.
336 2783 448 2876 Καὶ
435 2808 453 2850 ο
480 2787 531 2850 Π
520 2784 634 2864 ισίας,
657 2784 755 2873 Ἐμοὶ
772 2792 850 2871 μέν,
871 2777 974 2869 εἶπεν,
1003 2787 1114 2873 ὀλίγον
1139 2790 1227 2914 μέλει
1255 2793 1313 2859 τοῦ
1332 2787 1449 2912 λόγου·

161 2880 352 3015 Λαριναίων
348 2869 418 2989 δυ’
403 2889 513 2978 οροί
481 2887 599 2955 ταύτόν
608 2888 825 2982 πάσχοντα
792 2915 835 2956 τω
821 2893 969 2982 Ἣγαίκῷ·
989 2895 1045 2959 καὶ
1060 2892 1123 2979 γάρ
1140 2893 1258 2970 ἐκεῖνος
1273 2889 1333 2976 ούχ
1350 2884 1451 2968 ούτως

160 2995 224 3062 ύπὸ
241 2995 300 3060 τού
313 2995 432 3117 πυρός,
457 2994 498 3071 ὡς
515 2991 578 3058 ύπό
593 2996 650 3058 606
665 2998 893 3083 πεπυρωμένου
906 2959 1030 3081 χάλκού
1045 2999 1103 3060 καὶ
1119 2994 1265 3120 ρέοντρς,
1286 2991 1329 3058 άν
1342 2995 1451 3082 έπιχέη

161 3122 225 3180 τις,
257 3095 452 3179 άνατηκεται
471 3100 526 3162 καί
542 3097 591 3185 ῥει
580 3079 944 3194 συνεξυγραινόμενος·
972 3103 1030 3165 καὶ
1053 3101 1167 3165 τούτων
1193 3098 1250 3164 ούκ
1270 3099 1402 3182 ἐνοχλεῖ
1414 3097 1452 3161 τό
1477 3144 1480 3148 »

161 3192 361 3322 Λυσάνδρας
373 3200 506 3296 κάλλος,
526 3201 610 3267 άλλά
602 3189 920 3323 συνδιακεκαυμένῳ
937 3207 992 3268 καί
1007 3204 1138 3288 γέμοντι
1152 3202 1255 3289 πυρός
1267 3199 1329 3280 ἤδη
1347 3199 1453 3265 πολύν

111 3334 136 3391 Ε
161 3303 280 3428 χρόνον
295 3291 480 3428 πλησιάζων
494 3308 551 3371 καὶ
557 3303 747 3424 ἁπτόμενος
763 3300 1024 3429 άνριπίμπλαται·
1044 3311 1101 3373 καὶ
1121 3304 1256 3385 δῆλός
1240 3325 1342 3392 εστιν,
1363 3329 1396 3369 ει
1402 3327 1454 3388 μη

163 3407 244 3533 ταχύ
266 3404 366 3534 ρύγοι
397 3411 480 3503 πρὸς
501 3398 602 3493 ἡμάς,
632 3409 922 3494 συντακησόμενος.
958 3409 1146 3525 Ἀλλ’όρω,
1171 3398 1254 3486 εἶπε,
1279 3405 1456 3492 γινόμενον

164 3504 243 3621 ὅπερ
263 3506 304 3577 άν
308 3503 484 3637 μάλιστα
483 3511 673 3607 σπουδάσειε
663 3535 694 3577 Q
708 3512 911 3599 Ἀνθεμίων,
931 3510 1177 3602 προσκρούοντα
1197 3514 1264 3588 τοῖς
1282 3512 1456 3587 δικασταῖς

162 3620 218 3682 καὶ
239 3612 399 3739 έμαυτον,
428 3603 509 3714 ύίστε
537 3615 694 3708 παύομαι.
731 3619 839 3684 Καὶ’
824 3644 842 3685 ο
859 3617 1060 3702 Ἀνθεμίων,
1086 3615 1253 3697 Ὤνησας,
1280 3602 1385 3694 εἶπεν,
1413 3611 1457 3691 ὡς

162 3714 234 3787 έδει
248 3745 284 3806 γε
301 3717 356 3786 ἀπ’
378 3720 479 3806 άρχῆς
494 3707 597 3844 66766Q
612 3744 643 3786 τι
658 3720 741 3810 πρός
759 3722 818 3802 τὴν
835 3720 1009 3788 ύπόθεσιν.

241 3822 283 3904 ζ’.
323 3813 418 3924 Λέγω
431 3823 556 3949 τοίνυα,
577 3823 782 3921 όΠεισίας”
763 3848 850 3945 6QQ,
862 3822 1095 3912 προκηρύξας’
1079 3826 1159 3912 εμού
1173 3848 1209 3908 γε
1223 3825 1317 3889 ἕνεκα
1329 3792 1458 3896 πάσαις
1479 3862 1482 3871 ·

163 3924 350 4010 γυναιξίν
333 3926 494 4014 εραστὴν,
520 3922 571 3993 ότι
592 3952 647 4051 της
664 3927 815 4051 γυναικός
836 3924 855 3991 ό
877 3926 1049 4004 πλούτός’
1034 3949 1101 3992 εστι
1119 3927 1351 4016 φυλακτέος
1318 3945 1362 3985 τω
1378 3941 1458 3986 νεα·

164 4029 280 4122 νίσκῳ,
300 4056 345 4116 μη
334 4029 631 4116 συμμίξαντες’
591 4032 691 4099 αυτόν
710 4029 793 4120 ὄγκῳ
809 4032 865 4096 καί
885 4029 980 4117 βάρει
996 4029 1139 4121 τοσούτῳ
1161 4024 1360 4112 λάθοιμεν
1343 4019 1458 4110 ω’σπερ

171 4196 392 4210 *ῳ

165 4291 205 4352 Α.
228 4299 254 4348 7.
288 4296 423 4366 σωφρονεῖ]
441 4311 478 4349 ex
495 4309 557 4347 mea
576 4293 757 4363 conjectura.
793 4287 893 4362 Vulgo
911 4296 1055 4361 εωρροιιῑι.

167 4384 200 4444 C.
224 4388 251 4444 6.
284 4390 433 4459 ματρυλεῖα]
452 4386 476 4441 Ε
494 4395 524 4441 et
540 4403 633 4460 marg.
652 4383 685 4441 B.
704 4376 965 4458 ¹*Vulgo1Q6666666Q·¹

167 4476 202 4538 C.
226 4485 252 4539 λ.
285 4476 494 4545 660666661BE.
529 4477 625 4552 Vulgo
641 4479 782 4538 ἐξοπλίζειν.

167 4569 206 4630 Ι).
230 4577 256 4629 4.
292 4574 424 4640 Δαφναῖον
438 4568 481 4639 δίγ]
503 4569 563 4626 ΒΕ.
600 4568 696 4642 Vulgo
714 4571 848 4637 Δαφναῖον
865 4569 899 4619 66.

168 4662 206 4722 D·
225 4662 276 4722 ult.
296 4665 532 4735 συνδιακεκαυμένῳ]
551 4665 811 4732 σννδεακεκαλνμμένηι
829 4656 887 4715 ΒΕ.
904 4654 971 4715 Ald.
989 4653 1058 4711 Bas.
