3036 4994
367 844 1164 1036 Pnuaauuui

119 1201 673 1323 amaroumn
730 1198 1406 1314 adunationes

523 1524 525 1529 .
594 1526 902 1559 ψ

748 1752 775 1813 t

192 1872 325 1951 Aliaeu,
355 1897 434 1957 qliae
461 1880 537 1941 urbs
563 1889 611 1940 est
629 1877 799 1952 Boeotiae,
826 1877 927 1956 puella
947 1876 1007 1939 tuit
1026 1875 1256 1956 pulchritudine
1277 1876 1407 1948 eximia,

114 1980 239 2044 nomine
260 1982 457 2056 Aristocles,
482 1982 545 2044 lilia
567 1981 783 2061 Theophanis.
824 1983 913 2042 Hanc
934 1979 1130 2042 ambivcrunt
1152 1983 1258 2042 Strato
1280 1965 1407 2043 Orcho·

112 2085 231 2148 menius
256 2096 286 2147 et
306 2084 515 2149 Callisthenes
536 2085 703 2149 Aliartius.
744 2085 794 2148 De
819 2082 867 2145 his
886 2070 995 2148 'Strato
1023 2106 1090 2145 eum
1118 2083 1300 2164 opulentior
1319 2094 1406 2157 erat,

111 2201 176 2251 tum
205 2187 303 2271 magis
330 2209 437 2252 amore
465 2188 598 2272 virginis
626 2189 740 2253 vietus.
786 2189 920 2250 Viderat
946 2187 1026 2250 enim
1052 2210 1118 2250 earu
1147 2189 1300 2251 lavantem
1326 2190 1408 2270 apud
1473 2250 1477 2259 ,

111 2294 292 2355 Lebadeam
321 2290 352 2354 iu
378 2292 466 2357 fonte
486 2295 648 2377 Hercyne,
677 2291 844 2355 canistrum
872 2291 902 2356 in
929 2291 1085 2356 sacrificio
1106 2305 1293 2378 gestaturum
1315 2292 1408 2356 Jovis

111 2395 210 2479 regis.
231 2394 438 2460 Callisthenes
452 2381 553 2460 tamen
567 2397 819 2479 praeferebatur:
841 2396 1025 2481 quodetiam
1038 2397 1160 2478 generis
1174 2394 1408 2480 propinquitate

111 2501 246 2580 puellam
274 2499 451 2582 attingeret.
492 2484 700 2582 Theophanes
725 2502 756 2565 iu
781 2503 894 2565 haere
915 2501 1007 2565 animi
1028 2502 1160 2576 dubius,
1187 2513 1220 2563 ut
1240 2500 1294 2584 qui
1315 2502 1403 2562 Stra·

111 2617 215 2667 touem
237 2617 403 2680 metueret,
424 2605 538 2687 opibus
559 2629 595 2669 ac
615 2606 777 2672 nobilitate
798 2628 904 2670 omnes
922 2629 1019 2689 paene
1033 2609 1176 2671 Boeotos
1193 2620 1405 2687 superantem,

111 2731 176 2772 rem
204 2710 305 2773 voluit
325 2709 514 2796 Trophonio
541 2709 768 2793 dijudicandam
794 2713 985 2793 permittere.
1037 2714 1161 2785 Strato,
1192 2709 1243 2772 cui
1269 2708 1403 2787 virginis

110 2812 219 2876 farnuli
237 2814 478 2894 persuasissent,
499 2838 564 2879 eam
580 2815 677 2901 magis
692 2819 731 2878 ad
744 2815 843 2896 ipsum
858 2815 1024 2890 inclinare,
1043 2816 1141 2896 ipsam
1156 2814 1288 2894 puellam
1303 2809 1405 2873 voluit

112 2917 239 2999 optione
265 2921 367 2983 soluta
388 2919 546 3001 deligere,
573 2930 674 2982 utrum
701 2919 807 2984 vellet.
848 2918 928 2981 Filia
956 2920 988 2982 iu
1009 2919 1145 2984 omnium
1167 2924 1335 2994 conspeetu
1356 2911 1403 2975 in-

111 3035 287 3107 terrogata,
308 3022 530 3087 Callisthenem
551 3022 708 3104 praetulit.
736 3021 844 3086 Statim
861 3044 935 3100 prae
952 3045 985 3086 se
1004 3022 1077 3086 tulit
1098 3025 1222 3096 Strato,
1244 3017 1352 3102 iniquo
1370 3038 1403 3080 sc

111 3126 213 3191 animo
227 3130 309 3189 hunc
324 3138 511 3191 contemtum
525 3127 630 3190 ferre:
653 3139 755 3190 tamen
769 3130 891 3190 duobus
906 3124 1095 3208 interpositis
1110 3124 1236 3197 diebus,
1257 3121 1404 3185 convenit

113 3232 337 3311 Theophanem
368 3243 459 3315 atque
488 3229 728 3306 Callisthenem,
758 3230 927 3314 petiitque,
957 3241 1009 3306 ut,
1040 3233 1163 3311 quando
1194 3226 1316 3311 nuptias
1341 3226 1402 3310 ipsi

111 3357 224 3400 numen
250 3334 580 3417 aliquodinvidisset,
610 3350 711 3401 tamen
737 3334 799 3399 sibi
828 3358 897 3397 cum
926 3332 1001 3414 ipsis
1032 3333 1199 3398 amicitiam.
1223 3344 1404 3414 paterentur

113 3461 181 3505 esse
202 3439 368 3525 integram.
409 3438 452 3502 Hi
472 3461 535 3503 non
554 3453 670 3504 tautum
690 3443 947 3523 approbaverunt
973 3437 1070 3521 ipsius
1093 3441 1206 3513 verba,
1232 3441 1287 3501 sed
1313 3437 1403 3501 etiam

114 3550 153 3609 ad
185 3542 384 3609 festivitatem
418 3542 594 3627 nuptiarum
626 3544 840 3609 invitaverunt
869 3543 1036 3607 hominem.
1085 3545 1211 3618 Strato,
1244 3541 1403 3607 sociorum

113 3663 237 3714 caterva
258 3651 444 3724 subornata,
465 3648 629 3732 multisque
649 3648 837 3714 famulorum
859 3670 985 3711 suorum
1001 3647 1181 3725 submissis,
1203 3647 1257 3728 qui
1273 3646 1403 3729 sparsim

114 3759 195 3836 apud
209 3753 285 3817 istos
299 3755 503 3829 abderentur,
518 3753 549 3816 in
563 3751 681 3817 insidiis
697 3752 805 3817 latuit:
829 3757 899 3816 dum
913 3752 1006 3836 virgo
1022 3757 1061 3817 ad
1074 3754 1192 3817 sontem
1208 3750 1405 3815 Cisso'e'ssam

113 3863 337 3938 (hederaeeum
359 3859 499 3938 diceres)
527 3858 679 3940 majorum
706 3880 793 3922 more
820 3861 1006 3922 descendeus
1033 3858 1186 3940 proteleia
1216 3853 1324 3937 (qrmsi
1344 3849 1405 3916 ini-

113 3963 220 4027 tiativa
240 3962 415 4044 nuptiarum
435 3963 547 4042 sacra)
572 3965 703 4028 laceret.
745 3963 795 4026 lbi
821 3985 975 4028 concursu
1003 3986 1043 4028 ex
1067 3961 1187 4028 insidiis
1205 3961 1310 4036 facto,
1338 3980 1403 4021 eam

116 4261 152 4319 C.
178 4268 208 4320 1.Δ
236 4262 333 4342 ἐκείνῳ]
351 4260 441 4320 ΑΒΕ.
460 4261 563 4322 Petav.
585 4259 652 4316 Ald.
671 4257 741 4321 Bas.
777 4257 872 4332 Vulgo
889 4263 985 4313 lusiam.

119 4352 151 4410 C.
174 4359 200 4412 2.
234 4360 276 4409 aut
295 4351 309 4410 ὅ
327 4354 448 4429 Στράτων
467 4351 510 4427 γε]
535 4378 562 4426 γε
581 4353 675 4426 adieci
696 4372 732 4410 cx
753 4352 814 4411 ΑΕ.
835 4352 936 4408 Petuv.
962 4348 1031 4407 ΑΜ.
1053 4348 1117 4402 llas.
