3036 4994
531 212 802 285 ”ΕΡΩΤΙΚοΣ.
839 223 850 273 t
1009 158 1012 163 ·
1304 220 1344 284 ta

56 375 268 460 objectionem
288 377 326 444 de
344 373 527 442 divitiisest
546 377 714 458 agendum,
742 396 803 459 qua
829 372 959 437 maxime
979 385 1075 440 terret
1097 375 1212 443 Pisias.
1252 378 1336 443 Tum

57 494 149 564 pater
168 503 253 547 meus
270 480 328 547 ista
348 479 449 544 dixit:
472 479 555 559 Quid
568 484 688 543 tandem
702 501 765 543 non
780 476 905 542 dabitur
919 478 1038 542 medicei
1055 479 1149 557 vitio,
1170 481 1197 546 si
1211 496 1343 566 propter

53 608 198 653 amorem
220 584 400 673 etbdivitias
425 586 656 650 lsruenodoram
682 581 888 664 rejiciamus?
919 583 998 645 Esto
1027 585 1105 648 enim
1125 587 1291 667 imperiosa
1313 601 1344 655 ct

59 690 160 757 dives.
209 689 294 769 Quid
321 689 479 753 formosae
509 701 540 752 et
568 688 753 771 juvenculae
782 686 958 750 faciemus?
991 687 1066 768 quid
1095 691 1258 756 nobilitate
1288 716 1342 757 sua
1411 699 1414 707 “

58 793 248 876 superbienti
274 806 305 856 et
332 792 477 856 illustri?-
496 794 635 858 Pudicae
662 814 739 856 vero
766 790 845 854 nihil
872 803 1044 865 austerum,
1076 797 1236 859 molestum
1262 803 1286 874 †
1313 812 1344 863 et

57 897 253 963 intolerabile
281 899 407 962 habent.
453 901 529 962 ldeo
560 920 610 961 eas
639 901 781 973 Poenas,
810 894 877 958 sive
906 894 1075 976 supplicia,
1105 914 1236 973 vocant,
1267 903 1343 965 viris

59 1001 170 1080 iratas,
195 1007 317 1087 quando
346 1015 551 1084 temperantes
576 1013 659 1065 sunt.
700 1003 813 1064 Nonne
839 998 938 1084 igitur
958 1001 1107 1081 optimum
1135 1016 1200 1080 est,
1233 1007 1343 1070 eforo

58 1121 186 1191 nrrptum
213 1111 327 1171 ducere
347 1109 548 1170 Abrotonum
569 1104 707 1190 aliquam
729 1104 930 1180 Thraeieam,
958 1119 1009 1169 aut
1034 1106 1222 1175 Bacchidem
1249 1111 1350 1173 Mile.

59 1212 152 1287 siam‘,
179 1234 258 1296 quae
283 1233 321 1277 eo
345 1211 433 1291 ipso,
462 1214 548 1294 quod
566 1209 691 1286 emitur,
716 1211 867 1291 spondeat
887 1229 920 1283 se
941 1208 1136 1274 obedientem
1157 1213 1227 1276 viro
1248 1215 1345 1280 lore?

58 1318 121 1381 Sed
149 1329 250 1380 tamen
281 1329 312 1379 et
336 1317 444 1377 harum
472 1315 628 1379 nonnullis
657 1312 800 1378 novimus
830 1311 916 1378 viros
946 1315 1123 1398 turpissime
1153 1317 1346 1382 servivisse?

60 1425 198 1504 quando
214 1420 304 1482 etiarn
333 1418 477 1482 tibicinae
498 1418 616 1482 Samiae
643 1432 673 1483 et
697 1416 888 1493 saltatrices,
917 1419 1097 1484 Aristonica
1119 1433 1149 1485 et
1169 1433 1345 1503 tympanum

60 1546 174 1608 gerens
201 1525 361 1589 Oenanthe
387 1536 479 1606 atque
505 1521 695 1603 Agathoclis
727 1520 822 1603 regiis
854 1522 1076 1587 diadematibus
1106 1524 1343 1594 insultaverunt.

65 1627 242 1692 Semiramis
263 1631 341 1708 Syra
368 1627 476 1690 ancilla
501 1628 561 1691 luit
585 1625 693 1689 famuli
713 1624 810 1712 regii,
841 1625 987 1710 regisque
1006 1629 1129 1709 pellex:
1162 1653 1253 1716 quam
1275 1657 1345 1695 cum

60 1734 176 1806 Ninus,
196 1754 253 1796 rex
272 1732 324 1796 ille
346 1719 490 1816 magnus,
511 1753 698 1813 congressus
720 1729 896 1794 dilexisset:
919 1737 996 1797 adeo
1017 1734 1142 1819 subegit
1161 1758 1230 1801 eum
1251 1751 1345 1822 atque

59 1836 228 1901 contemsit·
247 1836 374 1911 mulier,
403 1848 437 1900 ut
459 1830 804 1918 postulaverit-etiam,
834 1837 874 1896 ab
900 1857 939 1901 eo
967 1839 1095 1902 concedi
1119 1840 1195 1915 sihi,
1225 1843 1270 1905 uti
1290 1866 1347 1924 per

58 1964 150 2005 uuum
177 1941 257 2005 diem
284 1941 350 2023 ipsa
378 1941 408 2004 in
434 1941 515 2006 solio
540 1941 631 2027 regio
653 1945 791 2013 sederet,
817 1940 967 2021 daretque
989 1947 1139 2008 mandata.
1180 1947 1273 2024 Quod
1293 1948 1347 2008 ubi

58 2068 115 2109 rex
136 2045 237 2122 dedit,
266 2047 491 2127 imperavitque
512 2045 681 2119 universis,
710 2057 743 2107 ut
764 2042 960 2107 Semiramidi
979 2045 1122 2124 perinde,
1152 2060 1244 2130 atque
1269 2048 1348 2125 sibi,

59 2153 310 2232 obtemperarent
331 2165 362 2215 et
381 2149 464 2232 jussa
488 2163 702 2230 capesserent:
734 2146 889 2228 principio
911 2170 945 2210 ea
968 2147 1149 2228 stipatorum
1171 2166 1348 2232 pertentans

58 2254 177 2318 artimus
199 2258 356 2317 moderate
377 2257 524 2340 quaedam
545 2251 656 2335 jussit:
679 2263 709 2314 at
723 2265 888 2335 postquam
904 2250 998 2326 vidit,
1018 2274 1073 2315 eos
1087 2253 1163 2317 nihil
1177 2256 1347 2337 refragari,

58 2359 268 2441 alacriterque
289 2356 379 2421 obire
402 2360 558 2434 mandata,
589 2379 700 2437 capere
720 2377 776 2419 eos
796 2356 930 2432 Ninum,
961 2378 1034 2419 mox
1062 2355 1197 2435 vincire,
1227 2362 1348 2424 tandem

61 2484 173 2526 necare
199 2460 302 2544 jussit.
343 2461 464 2543 Quibus
490 2461 596 2538 lactis,
626 2461 692 2544 ipsa
712 2474 842 2544 regnum
863 2459 960 2524 Asiae
980 2462 1138 2542 splendide
1157 2485 1214 2546 per
1234 2464 1347 2528 multos

62 2589 161 2631 arrnos
178 2566 294 2653 gessit.
334 2565 468 2629 Belcstia
495 2587 591 2640 vero,
622 2564 665 2628 dii
692 2564 785 2641 honi,
813 2585 916 2627 nonne
936 2567 1067 2629 barbara
1089 2580 1120 2631 et
1139 2582 1218 2632 emta
1238 2569 1356 2633 mulier

59 2671 143 2735 luit?
174 2663 262 2754 cujus
289 2670 401 2750 templa
430 2683 460 2734 et
484 2669 555 2733 lana
576 2667 784 2733 Alexandrini
804 2669 935 2744 habent,
960 2669 1096 2735 Veneris
1116 2673 1270 2737 Belcstiae
1290 2697 1348 2738 no·

58 2778 155 2850 atrine,
178 2779 220 2840 nb
235 2798 368 2839 aratorem
387 2797 461 2856 rege
480 2775 513 2839 id
526 2775 734 2857 permittente.
776 2773 863 2852 Quae
877 2795 954 2838 vero
974 2773 1026 2837 hic
1040 2776 1172 2857 Delphis
1193 2779 1346 2841 communi

60 2903 129 2942 curru
159 2879 312 2962 Cupidine
338 2882 453 2963 teruplo
481 2875 511 2943 'et
538 2879 635 2942 sacris
661 2878 795 2952 fruitur,
823 2901 977 2963 aureaque
1004 2891 1065 2943 stat
1090 2879 1177 2963 juxta
1205 2905 1295 2966 reges
1317 2898 1348 2948 et

60 2985 200 3065 reginas,
228 2986 374 3066 Phryne,
404 3007 535 3069 quanam
561 2989 633 3049 dote
661 3005 735 3047 suos
761 2981 886 3065 subegit
913 2984 1089 3048 amatores?
1118 2986 1347 3052 Verumsicut

59 3089 113 3153 isti
132 3092 182 3155 ‘nb
204 3112 286 3153 suam
312 3089 552 3154 imbecillitatem
577 3104 608 3154 et
634 3086 794 3152 mollitiem
821 3088 1031 3169 imprudentes
1051 3090 1212 3155 mulierum
1233 3083 1353 3172 praeda

60 3207 132 3258 sunt
161 3194 260 3258 laeti:
288 3194 329 3258 ita
360 3217 480 3257 rursum
508 3193 560 3258 alii
586 3193 742 3280 ignobiles
760 3203 861 3281 atque
880 3213 1050 3274 pauperes,
1077 3195 1176 3258 ductis
1197 3171 1346 3260 divitibus

60 3298 290 3382 splendidisque
311 3298 477 3373 uxoribus,
498 3298 639 3380 corrupti
659 3319 721 3361 non
742 3310 827 3371 snut,
848 3318 947 3382 neque
967 3302 1008 3381 de.
1024 3298 1116 3362 animi
1136 3301 1345 3388 magnitudine

62 3402 229 3485 quicquam
251 3401 444 3479 dimiserunt,
478 3406 531 3466 sed
556 3401 704 3467 honorati
731 3412 762 3465 et
789 3399 975 3483 imperantes
1000 3401 1060 3483 ipsi
1088 3404 1185 3470 amice
1211 3429 1279 3468 eum
1307 3407 1345 3469 iis

61 3506 185 3569 vixere.
220 3505 285 3586 'Qui
311 3528 389 3570 vero
417 3528 545 3568 uxorem
565 3506 595 3570 in
617 3510 734 3570 arctum
756 3503 844 3585 cogit
863 3518 895 3568 et
919 3503 1113 3587 comprimit,
1143 3508 1228 3573 velut
1249 3529 1344 3570 annu-

62 3610 126 3673 lum
155 3608 255 3692 digito
285 3612 328 3676 ob
353 3609 555 3694 gracilitatem
582 3610 656 3674 alias
682 3611 898 3690 delapsarum:
930 3608 1037 3674 similis
1062 3624 1111 3676 est
1137 3607 1263 3687 eorum,
1290 3611 1344 3694 qui

69 3745 291 3762 m

65 3829 100 3889 F.
125 3832 150 3889 l.
184 3836 210 3886 ir
225 3834 351 3903 Δελφοῖς,
369 3826 523 3904 κατάχρυσος
540 3817 583 3896 δ’]
601 3827 756 3904 Wyttenb.
781 3829 862 3885 malit
879 3835 1026 3903 incisioni:
1044 3835 1070 3887 tt
1087 3830 1252 3904 κατάχρυσος.

65 3923 99 3982 F.
124 3927 149 3981 6.
184 3927 279 3980 ἔλαθον
294 3921 435 4006 γενόμενοι]
458 3923 607 3989 lacunam,
629 3913 706 3998 'quae
723 3931 768 3977 est
787 3923 818 3977 in
834 3921 858 3977 E
876 3933 944 3997 post
959 3928 1068 3992 uuum,
1096 3925 1127 3979 in
1142 3926 1174 3979 B.
1192 3921 1259 3981 Ald.
1274 3922 1339 3981 Bas.

136 4086 140 4095 ‚
198 4027 267 4090 post
281 4016 422 4089 γενόμενος,
438 4017 480 4073 sie
499 4016 618 4090 expleo:
636 4020 732 4072 stenar
752 4015 857 4079 iuvantis
870 4014 1004 4089 γενόμενοι.

67 4106 104 4164 A.
127 4114 153 4166 2.
189 4105 249 4164 niul
264 4105 378 4193 loquer]
396 4110 458 4168 BE.
492 4109 588 4184 Vulgo
604 4105 659 4163 οὐδ’
677 4107 781 4182 ὖφῆκαν.

67 4198 105 4256 A.
126 4202 152 4258 l.
187 4205 333 4263 δακτυλίους
349 4200 476 4257 δακτύλων
489 4203 577 4270 inpuris
592 4202 642 4281 μὴ]
660 4220 676 4255 e
694 4219 756 4256 mea
775 4202 952 4271 conjectura.
970 4198 1065 4274 Vulgo
1084 4194 1213 4253 δακτύλιον
1228 4204 1296 4266 ἴχνος
1308 4196 1340 4264 ὧς

196 4291 239 4364 μὴ.
274 4293 429 4367 Wytteub.
449 4297 575 4368 conjecit
591 4293 723 4350 δακτύλιον
738 4291 863 4348 δακτύλου
875 4292 968 4360 ἰσχνοῦ.
999 4291 1036 4347 ‚Iu
1053 4290 1110 4349 ΒΕ.
1128 4289 1195 4348 Ald.
1213 4303 1258 4348 est
1275 4299 1338 4349 dun-

195 4383 275 4441 τύλων
291 4394 358 4453 ἴχνος
373 4386 406 4442 niv
420 4387 465 4460 μὴ.
498 4386 567 4443 Bes.
587 4387 719 4443 δακτύλιον
736 4393 817 4454 inpune
834 4383 867 4440 ὧν
883 4383 926 4456 μὴ.
1057 4374 1058 4379 ,
1300 4406 1303 4411 ·
1333 4386 1335 4390 ’

66 4473 105 4531 Α.
128 4476 154 4532 5.
186 4471 321 4554 περοῤῥυῇ]
337 4478 399 4538 ΒΕ.
416 4479 483 4538 Ald.
503 4485 568 4537 Bas.
603 4479 698 4553 Vulgo
716 4476 857 4552 παραρῤοῇ.

67 4563 106 4628 Α.
128 4570 155 4623 fi.
188 4562 319 4642 ἢλίμνην]
336 4570 397 4632 ΒΕ.
430 4571 525 4647 Vulgo
542 4576 584 4625 sut
599 4575 692 4642 λίμνην.
911 4571 913 4575 ’

65 4657 104 4716 A.
128 4659 154 4717 7.
190 4657 368 4736 φριμᾶχμοτα]
395 4663 426 4723 Β.
444 4664 580 4733 Aldct,
598 4673 632 4720 ul
649 4662 784 4735 uidetur,
806 4659 964 4739 limblulgu
981 4644 1154 4734 equitumu-

93 4764 224 4823 raum,
989 4759 991 4764 ’
1022 4761 1072 4822 ‘t‘
