3036 4994
508 245 515 252 .
609 178 855 256 sennense.
1132 172 1144 191 ’
1371 190 1410 254 ss

113 347 234 413 Solem.
274 348 476 424 †Venerem
503 348 593 413 valde
619 336 820 431 venerantur.
860 345 930 410 Nos
956 355 1057 409 autem
1079 345 1236 424 videmus,
1266 370 1409 432 maguam

111 440 182 516 esse
203 449 368 534 Cupidinis
388 475 465 517 cum.
480 453 554 518 Sole
574 451 819 527 similitudinem.
860 450 948 536 Ignis
967 449 1048 514 enim
1071 465 1213 516 neutrum
1234 466 1294 528 est,
1323 460 1412 536 quod

111 568 304 638 putaverunt
323 557 462 641 quidam,
486 556 560 633 [sed
579 558 690 639 fulgor
710 560 759 638 et]
775 555 872 619 calor
892 554 991 618 dulcis
1011 568 1043 620 et
1062 557 1259 641 genitabilis:
1290 556 1363 644 [qui
1384 559 1412 623 si

113 681 133 722 e
148 660 223 726 Sole
236 660 393 739 defertur,
411 663 602 745 corporibus
616 665 746 745 praebet
758 661 997 735 nutrimentum,
1011 659 1114 729 lumen
1129 675 1159 725 et
1172 662 1411 740 incrementum,

113 764 142 828 si
168 766 207 827 ab
232 767 353 830 Amore
379 758 654 846 veuit,-·ai1imis.]
695 767 739 829 Ut
766 778 867 829 autem
896 765 955 828 Sol
980 787 1038 845 per
1064 770 1162 830 nubes
1188 779 1220 830 et
1246 769 1411 852 caliginem

113 868 281 934 calidiores
307 869 414 936 radios
440 871 554 935 mittite
587 870 634 935 sie
654 893 742 935 amor
762 884 835 955 post
854 870 917 934 iras
938 885 969 935 et
989 872 1267 948 obtrectationem,
1298 897 1412 948 reeon÷

114 972 221 1038 eiliato
248 974 381 1052 amasio,
411 975 542 1040 suavior
567 979 604 1038 fit
629 988 661 1039 et
685 977 803 1040 acrior.
843 977 888 1038 Et
914 975 996 1038 sicut
1016 977 1121 1039 Solem
1147 979 1275 1041 accendi
1295 979 1413 1043 exstin-

114 1077 232 1165 guique
245 1092 356 1162 putant
369 1081 531 1145 nonnulli:
555 1078 601 1143 sio
615 1080 705 1144 etiam
721 1084 758 1144 de
773 1101 896 1156 amore,
919 1091 1064 1162 tanquam
1079 1082 1206 1146 mortali
1219 1097 1250 1147 et
1263 1082 1417 1172 iprabili,

113 1182 268 1268 cogitant.
309 1186 380 1250 Jam
400 1197 502 1266 neque
523 1183 671 1266 eorporis
691 1183 875 1249 constitutio
895 1206 959 1248 non
980 1184 1144 1250 exercitati
1165 1187 1288 1263 Solem,
1315 1208 1417 1270 neque

113 1308 255 1354 amorem
274 1289 361 1353 serre
381 1301 486 1370 potest
505 1288 624 1355 animus
642 1311 706 1375 non
727 1290 865 1353 eruditus
886 1288 1071 1355 liberaliter.
1112 1293 1290 1381 Utrumque
1307 1298 1418 1357 eodem

114 1405 213 1476 paeto
241 1403 322 1456 statu
348 1413 406 1456 suo
434 1387 799 1477 movetur„m'orboque
827 1393 1017 1476 corripitur,
1046 1395 1096 1459 dei
1122 1395 1204 1473 vim,
1235 1419 1300 1461 non
1330 1413 1418 1461 suam

115 1497 250 1579 culpans
270 1494 525 1582 imbecillitatem.
565 1500 637 1563 Hoc
657 1511 758 1562 tamen
778 1498 924 1574 interest,
944 1497 1031 1582 quod
1048 1499 1104 1564 Sol
1120 1502 1253 1583 pulchra
1268 1517 1299 1566 et
1315 1502 1418 1584 turpia

119 1599 256 1690 ostendit
279 1601 313 1664 in
338 1614 422 1665 terra
449 1601 658 1666 intuentibus:
690 1604 795 1668 Amor
819 1616 938 1666 tantum
967 1616 1056 1667 curat
1080 1607 1285 1687 pulchrorum
1312 1608 1418 1689 splen·

119 1708 245 1781 dorem,
268 1717 300 1770 et
318 1704 350 1769 in
370 1707 445 1769 haee
465 1707 533 1770 sola
546 1706 701 1790 inspicere
721 1721 815 1792 atque
832 1706 968 1792 intentos
983 1730 1050 1773 esse
1065 1709 1157 1787 sinit,
1179 1710 1300 1798 reliqua
1315 1712 1418 1776 orrrnia

115 1808 207 1893 jubet
239 1821 449 1876 contemnere.
499 1815 632 1877 Terram
667 1826 768 1877 autem
801 1817 872 1877 dum
904 1813 1041 1877 Veneris
1071 1815 1209 1880 afficiunt
1240 1816 1418 1893 vocabulo,

118 1913 348 1999 similitudinem
363 1921 517 1998 quandam
530 1932 751 2002 assequuntur.
786 1917 911 1995 Etenim
926 1916 1090 1980 admisceri
1105 1917 1223 1998 aliquid
1237 1920 1266 1982 ei
1280 1919 1419 1982 divinum

116 2039 155 2083 oo
181 2018 318 2085 coeleste
343 2034 469 2104 potest:
500 2045 557 2105 per
584 2043 618 2085 se
646 2021 714 2091 sola
741 2021 885 2083 inefficax
912 2030 960 2082 est
982 2040 1019 2080 ne
1039 2024 1224 2095 tenebrosa,
1255 2022 1330 2085 Sole
1357 2044 1420 2086 nou

119 2123 300 2209 effulgente,
320 2125 403 2191 sieut
423 2127 549 2200 Venus,
570 2128 698 2189 absente
718 2125 852 2188 Amore.
894 2119 1068 2187 Probabile
1089 2122 1195 2205 itaque
1213 2135 1276 2198 est,
1297 2126 1421 2188 Lunam

118 2229 261 2305 Veneri,
281 2230 387 2309 Solem
404 2228 554 2311 Cupidini
571 2229 741 2292 adsimilem
758 2250 825 2292 esse
838 2227 959 2309 potius,
980 2246 1072 2308 quom
1087 2227 1160 2291 ullis
1174 2228 1243 2292 aliis
1259 2251 1275 2291 e
1291 2251 1438 2293 numero.

120 2337 273 2399 deorumt
303 2355 371 2423 non
390 2355 458 2398 esse
478 2347 578 2397 tamen
599 2355 731 2416 prorsus
751 2336 890 2396 eosdem.
932 2334 1005 2395 Non
1027 2330 1107 2396 enim
1128 2332 1208 2396 idern
1231 2355 1300 2396 cum
1322 2337 1423 2398 anima

122 2449 170 2502 est
188 2458 319 2520 eorpus.
358 2439 421 2503 Sed
441 2441 480 2501 ab
502 2460 541 2503 eo
562 2439 739 2504 diversum:
770 2436 851 2501 sicut
872 2438 929 2500 Sol
955 2436 1046 2500 etiam
1075 2437 1193 2513 oculis,
1221 2439 1325 2501 Amor
1353 2441 1423 2503 solu

122 2555 226 2615 mente
246 2540 396 2607 cernitur.
436 2544 530 2622 Quod
549 2543 576 2607 si
595 2566 659 2607 non
682 2543 825 2607 videatur
845 2542 964 2605 dietum
984 2544 1047 2605 boc
1068 2540 1231 2619 acerbius,
1261 2543 1422 2608 contraria

122 2646 379 2730 pronunciavero
394 2669 461 2711 esse
476 2647 560 2712 Solis
577 2661 608 2711 et
622 2647 752 2711 Amoris
767 2649 891 2714 effecta.
931 2644 1061 2709 Avertit
1075 2645 1154 2708 enim
1170 2644 1265 2726 [Sol]
1287 2645 1421 2710 animum

122 2753 163 2813 ab
183 2748 434 2836 intelligibilibus
454 2755 493 2815 ad
513 2751 656 2829 sensilia,
678 2763 839 2815 venustate
854 2763 885 2814 et
900 2752 1067 2832 splendore
1087 2755 1251 2832 adspectus
1271 2749 1423 2826 illiciens,

121 2859 373 2940 persuadereque
394 2868 428 2920 ut
450 2879 573 2938 semper
599 2855 630 2919 in
644 2879 685 2920 ‚se
706 2869 736 2919 et
756 2857 840 2919 circa
860 2877 894 2920 se
922 2854 1064 2931 [versari
1091 2867 1180 2936 putet
1204 2877 1275 2916 cum
1300 2854 1423 2934 reliqua

121 2962 223 3040 bone,
242 2972 306 3025 tum
328 2962 507 3037 veritatem,
527 2961 605 3026 alibi
625 2977 726 3027 autem
747 2960 836 3024 nihil.
877 2962 955 3035 Sed,
975 2972 1010 3023 ut
1030 2960 1072 3024 ait
1093 2957 1282 3041 Euripides,

355 3089 500 3157 Nimius
520 3087 585 3156 sed
601 3108 667 3157 nos
685 3087 806 3155 Amor
826 3079 936 3166 hujus
956 3082 1065 3153 landet

356 3191 481 3284 Supra
502 3201 640 3270 terrae,
662 3191 761 3276 quod
778 3189 852 3259 sole
867 3189 1004 3278 fulqet,

361 3294 397 3362 V
395 3297 469 3362 ilas
487 3293 639 3364 alterius
658 3296 753 3364 bona
772 3297 997 3385 inexpertam

360 3399 483 3486 Atque
503 3400 651 3482 ipuaros
672 3400 761 3491 quid
780 3399 909 3466 condat
929 3397 1100 3481 humum]
1154 3492 1156 3497 Ι

146 3582 352 3606 ..ΙΙ

127 3708 163 3775 0.
188 3714 216 3772 2.
250 3711 304 3790 μετ’
323 3708 410 3789 ὀργὰς]
428 3709 482 3787 μετ’
499 3710 576 3788 ὀργῆς
594 3707 653 3774 ΒΕ.
671 3709 738 3773 Altl.
759 3719 827 3775 Bas.

128 3808 165 3866 C.
188 3798 345 3878 ifiessll]
372 3805 411 3863 ὅτι
431 3811 459 3863 (ll
477 3806 535 3862 ΒΕ.
555 3806 622 3865 Ald.
642 3811 709 3864 BaS.

127 3899 166 3961 D.
192 3906 218 3960 1.
252 3899 346 3972 μόνων]
373 3896 532 3972 Wyttenb.
550 3916 565 3954 e
586 3899 643 3955 BE.
663 3899 741 3957 lllez.
776 3899 871 3975 Vulgo
890 3888 977 3971 pisel.

128 3986 166 4052 D.
189 3998 216 4050 3.
251 3984 299 4064 ripe
315 3993 353 4058 dt]
371 3990 470 4050 Reisk.
489 3988 593 4062 σελήνην
609 3996 645 4048 dl.
751 4016 753 4021 ¹

129 4082 171 4144 D.
194 4081 235 4142 ib.
257 4081 311 4139 κατ’
333 4071 422 4160 οὐδὲν]
441 4081 539 4139 delent
552 4072 632 4142 Men.
653 4092 682 4139 et
699 4082 796 4139 llelslt.
816 4083 971 4156 Wyttenb.
990 4086 1155 4141 reeordatus.

131 4168 169 4230 D.
192 4183 219 4236 4.
255 4171 314 4250 οἵα]
330 4184 394 4232 θεία
417 4175 493 4232 ltlez.
513 4176 614 4234 Reisk.
634 4175 793 4249 Wyttenb.
828 4177 863 4232 ln
882 4178 941 4235 BE.
960 4183 1011 4232 eta.

133 4263 168 4328 Ε.
193 4272 219 4327 5.
254 4272 395 4336 αἰτεῖσθαι]
417 4270 544 4326 fortasse
563 4275 714 4327 διακεῖσθαι
729 4269 953 4328 emendandum.

132 4360 220 4419 n.s.
255 4359 374 4434 m]BE.
410 4361 561 4439 Vuposs
972 4360 976 4366 ’

132 4453 170 4512 E.
196 4460 222 4513 7.
256 4453 286 4520 ὅ,
303 4458 339 4524 τι]
359 4474 374 4510 e
391 4472 455 4512 mea
473 4459 656 4530 conjectura.
689 4456 785 4532 Vulgo
803 4455 852 4512 ὅτι.

167 4563 262 4612 neue.
280 4554 305 4618 1.
1044 4540 1064 4610 l
