3036 4994
173 164 234 229 1³2

177 340 229 379 res
245 322 353 388 luisse,
371 321 449 377 inter
465 332 567 375 omnes
585 327 712 375 constat.
748 315 834 389 and
852 316 981 374 studium
998 332 1208 393 saepenumero
1231 315 1355 372 comicis
1370 315 1472 389 poetis

174 413 411 490 reprehendendi
438 414 586 469 lenitatem
613 411 839 467 Atheniensium
867 429 969 467 ansam
1000 409 1089 472 dedit.
1133 408 1240 466 Strabo
1268 408 1308 466 X.
1343 427 1377 483 p.
1406 413 1471 464 tm.

175 509 315 579 Ἀθηναῖοι
333 504 361 562 d'
378 504 459 579 οἷσπερ
476 503 581 576 περὶτὰ
600 503 665 559 ἄλλο
681 505 866 574 φιλοξενοῖιντες
883 504 1059 572 διατελοῦσιν,
1076 501 1143 560 οὕτω
1160 509 1202 558 καὶ
1220 508 1277 573 περὶ
1294 502 1355 565 τοὺς
1371 497 1473 562 θεοὺς·

174 597 255 659 πολλὰ
272 602 322 673 γὰρ
337 601 387 655 οὖν
402 600 500 661 ξενικῶν
515 599 586 670 leptis
602 601 787 668 παρεδέξαντο,
812 595 874 653 οἷστε
895 601 938 652 καὶ
956 602 968 651 l
976 595 1265 668 ιωμῳδὴθησαν,
1294 600 1345 655 καλ,
1363 590 1398 662 δὴ
1427 597 1474 649 sai

169 694 205 752 τὰ
227 693 325 766 optino
346 699 388 747 καὶ
405 690 436 746 τὰ
460 689 560 764 Φρύγια
578 699 635 749 ete.
671 690 735 752 Cic.
752 689 787 746 de
805 690 882 765 legg.
899 690 948 758 11,
969 694 1010 752 15.
1044 688 1148 747 Nonas
1170 707 1240 745 vero
1262 688 1352 754 deos,
1383 687 1473 742 etin

172 787 223 844 his
239 784 372 841 colendis
389 799 549 841 nocturnas
566 783 815 858 pervigilationes
834 783 882 839 sic
898 780 1133 857 Aristophanes,
1145 781 1363 853 facetissimus
1376 792 1475 854 poeta

172 877 282 935 veteris
299 875 490 945 comoediae,
508 891 614 944 venat,
634 891 665 932 ut
682 876 763 951 apud
783 896 850 932 eum
867 874 1034 944 Sabazius,
1051 890 1078 931 et
1097 873 1217 949 quidem
1235 873 1294 930 alii
1312 871 1364 930 dii
1380 891 1476 947 pere·

172 969 260 1042 grini
279 968 431 1043 judicati,
461 967 620 1038 eciuitate
641 968 816 1047 ejiciantur.
850 968 934 1025 Fecit
956 968 1012 1024 hoc
1040 967 1256 1041 Aristophanes
1280 967 1313 1022 in
1337 962 1478 1032 Avibus,

179 1062 270 1119 Horis
287 1072 316 1117 ct
334 1060 475 1120 Lemniis.
510 1061 590 1118 Vide
612 1059 759 1121 Fritzsch.
778 1062 813 1118 de
830 1058 1056 1118 Daetolensihus
1073 1059 1282 1133 Aristophanis
1299 1077 1330 1133 p.
1350 1063 1400 1117 83.

246 1230 276 1284 p.
294 1216 342 1277 ts,
362 1215 404 1268 tt.
440 1214 482 1265 καὶ
501 1209 605 1283 φιλότης
623 1217 650 1266 tr
666 1219 746 1267 τοῖσιν
761 1213 816 1280 ἴση]
849 1210 907 1268 Hic
926 1208 1114 1291 Empedoclis
1129 1225 1232 1266 versus
1250 1207 1402 1265 asterisco
1420 1224 1480 1264 no·

173 1313 273 1377 tatus,
293 1305 407 1378 integer
425 1302 511 1359 facile
529 1299 581 1359 fiet
598 1303 658 1358 sie:

448 1426 506 1476 Καὶ
522 1419 627 1492 φιλότης
645 1428 670 1476 lr
686 1429 783 1492 τοῖσιν,
801 1386 850 1492 ῑσφΙ
862 1424 941 1494 μῆκος
957 1445 983 1478 τι
1002 1420 1096 1484 πλάτος
1110 1443 1136 1476 te

451 1513 505 1583 Tipu
522 1515 554 1569 air
570 1512 619 1585 νόῳ
637 1524 696 1575 ete.

181 1630 307 1687 Exstant
325 1630 402 1706 apud
426 1631 610 1705 Simplicium
630 1633 708 1688 inter
725 1631 891 1706 complures
911 1630 985 1687 alios
1006 1634 1037 1688 in
1055 1632 1274 1687 commentariis
1294 1630 1326 1686 in
1346 1631 1481 1703 primum

181 1723 352 1780 Aristotelis
375 1721 517 1798 ἀκροάσεως
536 1724 640 1795 φυσικῆς
659 1723 786 1781 librum:
804 1735 833 1780 et
851 1723 1016 1782 adscribam
1032 1735 1155 1799 propter
1171 1724 1313 1782 lectorem
1333 1733 1401 1780 tres
1418 1723 1480 1780 sal·

181 1827 240 1873 tem
257 1818 397 1873 continno
414 1826 589 1892 sequentes,
608 1817 659 1892 qui
676 1813 853 1872 confirmant
872 1834 926 1883 ea,
945 1833 1018 1890 quae
1037 1816 1085 1872 hic
1103 1815 1259 1873 dicuntur:

444 1931 518 1996 Ἤτις
533 1940 576 1989 nal
592 1942 712 2004 θνητοῖσι
727 1936 852 2004 νομίζεται
868 1940 977 2004 ἔμφυτος
994 1931 1124 2007 ἄρθροις,

454 2030 492 2101 Τῇ
508 2052 536 2084 τε
553 2027 622 2099 φύλα
639 2023 788 2101 φρονέουὸ,
805 2022 841 2082 ld'
861 2025 948 2097 ipone
964 2033 1026 2097 ἔργα
1041 2028 1155 2094 τελοῦσι,

447 2119 604 2191 Padauium
620 2126 748 2185 καλέοντες
764 2121 906 2191 ἐπώνυμον,
922 2115 966 2189 ἧδ’
982 2117 1148 2194 Ἀφροόλτην.

182 2265 213 2325 id
229 2275 289 2335 est,
307 2282 353 2321 me
371 2267 551 2338 interpretes

446 2380 549 2438 Insita
567 2393 700 2435 cernetur
717 2377 895 2436 mortalibus
911 2377 1034 2434 artubus
1050 2377 1184 2434 isthaec:

448 2471 517 2547 Qua
534 2471 606 2526 derce
623 2485 723 2527 mutuo
740 2484 857 2537 amant,
881 2470 998 2526 similes
1013 2486 1214 2545 peraguntque
1229 2469 1373 2529 labores:

446 2561 598 2619 Laetitiae
614 2575 642 2616 et
661 2560 775 2617 Veneri
791 2561 827 2616 de
844 2581 877 2616 re
893 2579 998 2616 nomen
1005 2558 1170 2628 facientes.

180 2677 410 2739 XYLANDER.
442 2677 538 2752 Vulgo
556 2686 620 2733 erat
636 2677 668 2732 in
684 2686 789 2732 nostro
807 2676 873 2732 loco
890 2683 915 2732 er
932 2686 986 2739 τοῖς
1004 2684 1064 2747 ἴση,
1082 2679 1134 2736 sed
1151 2687 1177 2736 ἓν
1191 2690 1274 2739 τοῖσιν
1290 2691 1334 2754 ἴση
1353 2686 1469 2741 restitui

180 2791 196 2829 c
214 2772 248 2831 B.
267 2772 302 2829 E.
337 2771 382 2828 De
398 2781 502 2828 nostro
519 2770 586 2825 loco
604 2769 734 2844 disputat
755 2767 855 2829 Stura..
879 2769 914 2826 de
937 2770 1113 2843 Empedocle
1131 2775 1332 2850 Agrigentino
1359 2760 1389 2851 p.
1407 2783 1467 2834 ⁵57.

181 2865 218 2923 ad
235 2885 281 2923 vs.
300 2871 343 2925 52.
361 2870 405 2926 tt.
423 2868 468 2938 (p.
487 2863 567 2926 514.)
584 2860 673 2936 Apud
691 2860 772 2918 Sext.
792 2862 933 2937 Empiric.
952 2862 1021 2925 adv.
1039 2863 1178 2926 Illathem.
1196 2867 1241 2933 X,
1261 2875 1322 2930 317,
1362 2869 1469 2943 Empe.

181 2960 274 3017 doclis
292 2977 396 3017 versus
414 2959 457 3014 sic
476 2955 639 3014 afferuntur
1251 3002 1255 3007 .

445 3084 538 3137 Νεῖκος
553 3078 577 3128 τ’
595 3071 730 3147 οὖλὸμενον
746 3077 804 3142 δίχα
820 3075 870 3127 τῶν
886 3068 1026 3128 dedicator
1042 3072 1156 3146 ἁπάντη,

446 3174 489 3223 nai
508 3171 603 3237 Φιλίη
620 3166 698 3237 μετὰ
715 3176 811 3233 τοῖσιν,
827 3174 869 3235 ἴση
885 3164 964 3236 μῆκός
979 3190 1007 3222 τε
1023 3165 1117 3230 πλάτος
1133 3191 1166 3223 τε.

178 3286 257 3344 Vide
273 3285 380 3342 Ritteri
396 3283 475 3344 Hist.
491 3283 604 3343 Philus.
623 3285 646 3342 l.
666 3303 695 3358 p.
714 3287 765 3339 516
782 3302 827 3359 sq.

245 3455 275 3510 p.
294 3440 343 3501 24,
362 3441 404 3492 tl.
438 3431 517 3504 μῆκός
532 3431 577 3501 τε]
611 3434 691 3504 μῆκος
706 3439 733 3489 tl
750 3429 784 3491 Β.
804 3433 840 3492 Ε.

243 3604 274 3659 p.
291 3590 340 3650 tt,
360 3590 401 3642 tt.
437 3576 552 3656 σὺιὸῳ]
587 3584 630 3638 λιιι
649 3584 708 3656 jam
731 3582 892 3655 Xylander.
919 3603 934 3640 e
958 3583 1110 3659 Simplicio
1135 3589 1360 3659 emendaverat,
1389 3562 1468 3667 pro·

175 3678 265 3735 hante
282 3675 420 3743 lleishio‚
439 3686 469 3730 et
485 3693 563 3733 nnnc
582 3672 735 3748 Wytteuh.
754 3680 919 3752 proposuit.
954 3679 1049 3755 Vulgo
1066 3679 1111 3737 oin
1127 3680 1171 3753 τῷ.
1196 3680 1231 3744 B.
1249 3684 1284 3743 Ε.
1302 3685 1374 3747 Ald.
1395 3687 1467 3744 Bas.

176 3775 222 3826 σὺν
238 3769 287 3840 ndat
303 3767 452 3828 exhibent.

242 3925 403 3992 ρ.24,12.
438 3921 543 3991 δέρκου]
578 3922 665 3991 δέρκεο
689 3921 720 3975 in
737 3920 842 3995 fragm.
862 3920 960 3979 Stura.
978 3921 998 3983 l.
1017 3939 1042 3977 c.
1067 3925 1197 3981 restituit
1219 3943 1234 3981 e
1257 3925 1349 3984 Clam.
1373 3929 1469 3991 Alex.

176 4012 285 4069 Strom.
301 4012 343 4070 V.
360 4031 390 4086 p.
409 4014 459 4069 552
476 4011 510 4068 C.
545 4011 676 4086 Simplic.
695 4012 732 4068 ad
748 4012 874 4070 Aristot.
893 4013 984 4084 Phys.
1003 4012 1026 4075 Ι.
1045 4013 1094 4072 tol.
1111 4022 1144 4073 at
1163 4036 1189 4074 a.

242 4185 272 4239 p.
290 4170 342 4232 24,
361 4170 402 4223 12.
436 4160 518 4235 μηδ’]
552 4166 589 4236 μὴ
606 4161 632 4220 d'
650 4165 685 4224 Β.
705 4163 740 4223 Ε.

241 4333 269 4387 ρ.
286 4321 334 4381 24,
354 4321 397 4374 12.
431 4310 511 4388 ἧσο]
533 4312 581 4384 ἧσο
598 4313 634 4372 Β.
658 4312 728 4373 Ald.
750 4310 820 4373 Bas.
845 4311 893 4384 ἧσο
910 4313 946 4373 Ε.
969 4316 1009 4371 ita
1032 4324 1129 4371 tamen
1152 4323 1184 4370 ut
1205 4315 1222 4386 ἦ
1245 4317 1339 4374 literis
1363 4324 1465 4378 erasis

173 4409 406 4480 superscriptum
423 4408 471 4467 sit.
505 4407 696 4463 Plutarchum
718 4408 827 4464 imitari
847 4407 1055 4482 Empedoclem
1077 4410 1108 4464 iu
1129 4406 1207 4464 libro
1229 4400 1267 4467 'de
1291 4411 1359 4468 aud.
1377 4427 1465 4488 poet.

86 4501 253 4704 *¹3⁴
270 4498 306 4553 E.
323 4499 364 4569 μὴ
382 4495 543 4568 καθήσθω
559 4497 618 4563 τοὺς
634 4505 770 4563 πλουσίους
787 4504 979 4573 ἐκπεπληγμένος
995 4506 1037 4557 nai
1052 4524 1085 4556 te
1095 4501 1220 4570 θηπώς,
1243 4514 1324 4560 recte
1343 4510 1465 4564 monuit

248 4587 346 4646 Stura.
367 4591 387 4648 l.
407 4608 435 4648 c.
