3036 4994
1338 188 1397 255 213

108 338 272 418 compares
293 342 382 399 etiam
397 341 548 399 Plutarch.
568 343 785 418 Apophtlregm.
804 361 835 416 p.
852 344 903 401 202
920 340 953 399 C.
989 348 1123 416 Ραμαίους
1139 348 1238 416 λπαίηαε
1255 343 1321 401 κατ’
1339 342 1397 402 ἰοδ-

111 438 188 490 δενα
211 433 321 506 νόμον.
355 434 453 507 Quare
470 444 565 492 totum
587 437 685 493 locum
705 438 749 493 sic
766 437 864 512 legere
881 446 910 493 et
926 438 1116 511 interpretari
1135 439 1233 514 placet
1249 437 1353 511 σελήνην
1371 444 1399 497 δε

110 525 164 582 κατ’
182 525 257 582 οῦδὲν
269 523 422 599 Ἀφροδίτην
437 526 571 591 καλοῦντες
586 527 713 586 ἅπτονταί
725 553 793 593 τινος
811 528 966 602 ὁμοιότητος,
983 546 1121 588 vocantes
1138 532 1240 589 iuream
1254 532 1400 590 Venerem

110 622 269 677 secundum
289 622 435 690 nihilum,
455 607 500 678 'de
516 622 632 691 nitito,
660 637 859 699 assequuntur
878 623 1031 699 quendam
1049 623 1300 694 similitudinem,
1329 627 1349 685 i.
1369 643 1397 685 e.

111 713 170 769 etsi
192 713 245 789 qui
268 729 376 771 vocant
398 715 501 772 iuream
526 715 689 785 Venerem,
715 717 771 772 hoc
784 715 911 787 socium
937 715 1050 772 nullom
1072 730 1186 772 certam
1210 731 1237 772 et
1260 717 1399 775 idoneam

112 804 262 863 racionem
278 809 388 876 secuti,
405 807 461 865 sed
478 826 551 865 cnsu
564 808 669 884 potins
685 808 795 879 delati,
820 824 920 866 tomen
941 809 1161 884 quodammodo
1186 810 1256 866 ίαιια
1283 811 1398 868 similis

111 912 156 955 est
174 898 312 958 Veneris.

179 1067 210 1124 p.
227 1055 279 1116 48,
299 1055 340 1108 te.
377 1039 441 1115 οΐα]
476 1051 570 1108 Etiam
594 1052 651 1108 hoc
675 1063 856 1126 corruptum.
890 1050 981 1109 Recte
1006 1051 1122 1108 videtur
1146 1051 1285 1108 Reislius
1307 1053 1401 1124 conji-

111 1158 179 1196 cere
199 1146 241 1196 καλ
255 1141 306 1215 γὰρ
324 1140 389 1212 αὕτη
407 1148 470 1199 θεία
485 1149 528 1199 καλ
547 1140 661 1217 οὔρανία.
677 1152 741 1201 θεία
759 1146 846 1201 ctiam
857 1143 935 1204 Men.
953 1148 1118 1220 proposuit,
1135 1143 1293 1220 probatum
1309 1143 1403 1217 Wyt-

110 1231 194 1294 tenh.
229 1234 320 1294 InB.
340 1234 375 1291 E.
395 1245 441 1291 est
454 1243 508 1294 οἶα.
535 1233 680 1292 Fortasse
702 1235 774 1291 latet
793 1237 824 1292 in
847 1236 894 1291 his
917 1241 961 1290 καί
981 1234 1031 1310 μὰρ
1054 1233 1139 1310 ίιρὰ.
1173 1236 1249 1298 Plut.
1271 1234 1307 1291 de
1326 1237 1403 1292 facie

114 1325 147 1381 in
172 1323 245 1382 orbe
268 1324 355 1382 lunae
374 1345 404 1402 p.
423 1333 473 1387 9³5
490 1326 526 1387 Β.
549 1327 596 1396 τὴν
615 1325 734 1398 σελήνην,
748 1328 805 1399 γῆν
822 1323 900 1383 οὖσαν
916 1325 1088 1399 ὄλυμπίαν.
1122 1338 1151 1384 et
1166 1329 1255 1403 paulo
1275 1336 1342 1383 ante
1362 1324 1404 1387 ib.

111 1414 128 1483 ἡ
150 1415 252 1496 οελιήνηΞ
270 1415 325 1487 ἥτις
343 1418 389 1490 (μη
407 1419 514 1474 inserit
529 1417 673 1484 Turneh.)
690 1420 765 1492 ίερδι
778 1419 845 1492 πρὸς
861 1414 1003 1493 ἀνθρώπων
1017 1423 1174 1492 νομιζομένη.
1191 1421 1227 1476 de
1245 1419 1303 1478 def.
1322 1435 1404 1477 orec.

116 1527 148 1583 p.
166 1516 217 1568 416
235 1509 269 1567 E.
299 1509 338 1566 dd
363 1510 432 1566 luna
454 1517 480 1566 oi
497 1517 543 1582 μλν
565 1509 660 1584 ιῖστρον
681 1511 786 1582 γεῶδες,
815 1518 841 1567 οί
866 1509 894 1567 δ’
919 1509 1087 1583 ὀλυμπίαν
1107 1513 1177 1584 γῆν,
1205 1518 1231 1567 ολ
1250 1516 1277 1566 δὲ
1294 1517 1405 1578 χθονίας

111 1597 182 1673 incia
198 1607 242 1658 καλ
259 1598 377 1673 οὐρανίας
393 1603 483 1676 κλῆρον
495 1599 606 1671 Ἑκάτης
619 1613 765 1675 προσεῖπον.
800 1601 908 1661 Euseb.
927 1602 1034 1679 Praep.
1052 1605 1166 1680 Evang.
1179 1605 1235 1664 ΙΙΙ.
1251 1624 1281 1679 p.
1296 1610 1346 1663 115
1360 1604 1400 1662 D.

111 1697 158 1764 τῆς
178 1699 204 1751 δὲ
225 1690 343 1768 οὐρανίας
354 1695 404 1764 γῆς
421 1701 463 1749 καλ
480 1695 523 1763 τῆς
535 1702 646 1763 χθονίας
663 1695 709 1764 τήν
725 1693 830 1768 δύναμιν
845 1694 909 1751 Ἴσον
924 1707 1072 1769 προσεῖπον·
1092 1727 1123 1740 -
1143 1695 1298 1771 οὐρανίαν
1314 1701 1341 1753 δὲ
1356 1696 1403 1767 τὴν

113 1788 277 1857 Σελήνην,
298 1795 410 1857 χθονίαν
427 1791 454 1843 δὲ
472 1794 515 1842 καὶ
530 1789 576 1859 ριἠν
592 1787 771 1863 καρποφόρον,
788 1796 814 1846 ln
829 1787 846 1859 ᾖ
863 1790 1042 1861 κατοικοῦμεν,
1059 1794 1166 1862 λέγουσι.

178 1956 207 2011 p.
224 1945 276 2004 48,
293 1942 336 1996 211.
371 1931 484 2011 ἀδρανὴς
500 1941 527 1992 n
544 1935 607 1994 καθ’
625 1937 734 2008 ἑαυτὴν]
767 1938 883 1995 Lunam
902 1939 999 1994 lucem
1017 1957 1100 1995 snam
1121 1938 1257 2013 accipere
1275 1957 1292 1993 a
1314 1938 1402 2005 Sole,

111 2029 276 2100 docuerunt
290 2029 375 2087 multi
396 2030 582 2103 philosophi,
608 2039 640 2084 ut
660 2024 872 2103 Anaxagoras,
901 2029 976 2085 Plat.
999 2028 1111 2101 Cratyl.
1139 2048 1170 2101 p.
1181 2037 1239 2086 ’409
1258 2031 1294 2086 A.
1322 2031 1401 2084 τοῦτο

112 2126 139 2178 δὲ
163 2121 194 2177 τὸ
221 2119 302 2192 ὄνομα
321 2129 438 2193 φαίνεται
459 2120 506 2176 τόν
530 2117 704 2195 Ἀναξαγόραν
724 2123 824 2185 πιέζειν.
857 2127 948 2176 ΕΡΜ.
964 2127 1008 2176 ’τί
1031 2118 1080 2190 δὴς
1106 2126 1170 2178 ΣΏ.
1200 2126 1264 2176 lone
1285 2121 1404 2190 δηλοῦντι

113 2212 281 2287 παλαιότερον
301 2211 317 2269 ii
338 2218 532 2276 λκείνοςνεωατλ
554 2217 654 2284 ἴλεγεν,
682 2211 724 2267 ὅτι
740 2209 757 2281 ἦ
775 2209 890 2282 σελήνη
914 2210 975 2268 tini
997 2202 1169 2282 τόῦδρλίου
1191 2219 1253 2278 ἔχει
1275 2211 1309 2277 τό
1334 2213 1404 2282 φῶς.

83 2372 85 2376 ⁴
116 2307 193 2364 Plut.
213 2306 248 2362 de
267 2306 342 2363 facie
360 2307 391 2362 in
409 2303 481 2362 orbe
498 2304 585 2361 lunae
611 2323 640 2378 p.
659 2310 708 2363 929
725 2303 763 2362 A.
798 2309 822 2361 ελ
843 2328 871 2376 με
886 2305 937 2360 τοῖν
955 2312 981 2361 ἐν
1000 2300 1099 2378 piperni
1115 2302 1241 2361 τοσούτων
1256 2305 1286 2360 τό
1302 2306 1405 2374 πλῆθος

114 2399 195 2456 ὄντοιν
211 2398 296 2472 μόνη
315 2396 421 2471 φωτός
437 2396 615 2473 ἀλλοτρίου
633 2397 766 2470 δὲομίνη
783 2404 899 2468 περίεστι,
917 2395 983 2454 κατὰ
998 2401 1170 2471 Παρμενίδην·
1253 2444 1255 2448 ,

450 2521 500 2572 ont
515 2523 694 2573 παπταίνουσα
714 2514 778 2590 πρός
793 2512 871 2586 αὐγὰς
886 2511 992 2586 ἠελίοιο.
1068 2513 1071 2521 ’

118 2631 262 2690 Similiter
274 2633 468 2707 Empedocles
484 2652 532 2709 ap.
551 2633 677 2699 eundem
695 2618 952 2691 adversus'Colot.
980 2652 1009 2706 p.
1029 2637 1096 2691 1116
1113 2635 1151 2693 Α.
1186 2632 1406 2689 Anaximander

117 2745 164 2798 ap.
190 2725 277 2801 Diog.
295 2725 400 2786 Laert.
419 2726 466 2795 II,
486 2735 512 2786 1.
541 2724 588 2797 τόν
608 2750 636 2784 τε
659 2725 796 2799 σελήνην
818 2727 1002 2800 ψευδοφαῆ
1028 2732 1083 2784 καλ
1109 2725 1172 2783 ἀπὸ
1194 2723 1290 2796 ἡλίου
1308 2732 1405 2796 φοιτί-

113 2822 246 2885 ζεαθαι.
280 2819 399 2877 Lucret.
417 2818 540 2887 V.ets.

326 2928 329 2934 ¹
347 2937 491 3011 Lunaque
508 2935 575 2992 sive
591 2936 682 2992 αοείιο
690 2933 795 3007 fertur
813 2936 880 2992 loca
896 2935 1008 2994 lumine
1024 2936 1157 2992 lustrans
1245 2969 1248 2973 <

347 3028 418 3086 Sine
435 3047 523 3087 suom
534 3028 667 3104 proprio
678 3030 780 3106 joctoc
796 3029 832 3084 de
850 3047 976 3103 corpore
991 3029 1095 3087 lucem.

113 3170 182 3228 coll.
206 3169 312 3229 Catuli.
338 3187 432 3226 carm.
468 3168 593 3228 XXXV.
618 3174 660 3229 15.
697 3169 759 3227 Cic.
788 3169 823 3226 de
845 3169 935 3228 divin.
955 3169 996 3230 Π.
1023 3189 1051 3232 ο.
1069 3178 1095 3230 3.
1130 3169 1206 3229 Vide
1224 3167 1406 3228 Schauhach.

114 3262 250 3339 Anaxag.
269 3261 388 3339 Fragm.
407 3281 438 3338 p.
458 3268 519 3322 163.
556 3263 678 3319 Βοίιίαια
695 3263 732 3319 ad
750 3263 897 3322 Cleomed.
916 3282 946 3339 p.
966 3267 1031 3322 462.

182 3432 213 3486 p.
230 3418 281 3480 43,
299 3416 342 3470 25.
377 3409 523 3484 πικρότερον
544 3415 681 3484 λέγεσθαι]
718 3411 985 3485 Wyttenhachium
1007 3414 1095 3471 nimis
1120 3416 1324 3482 festinantem,
1352 3415 1403 3490 qui

114 3497 240 3564 calidius
264 3507 391 3579 conjecit
410 3505 585 3580 μλισχρδτερον
604 3506 651 3563 vel
672 3503 849 3580 ψυχρότερον,
873 3506 984 3564 oblivio
1005 3508 1083 3582 cepit
1100 3507 1222 3574 eorum,
1246 3526 1320 3583 quae
1334 3509 1404 3583 vipsc

116 3602 225 3675 optime
247 3599 447 3674 explicaverat
470 3600 506 3657 ad
527 3600 603 3660 Plut.
623 3601 658 3657 de
679 3601 746 3659 aud.
770 3605 865 3676 poetis
896 3622 925 3677 p.
944 3608 977 3660 28
994 3602 1028 3662 Β.
1058 3600 1111 3657 ἀλλ’
1134 3609 1160 3659 οἱ
1179 3607 1270 3659 πολλοὶ
1289 3603 1340 3658 τῶν
1358 3609 1406 3674 μὲν

114 3693 235 3750 τοιούτων
252 3693 298 3756 τὰς
315 3699 397 3756 αἰτίας
413 3694 531 3767 πικρῶς
550 3692 745 3750 ἇπαιτοόσικαὶ
762 3695 993 3763 διαπυνθάνονται,
1014 3696 1066 3759 πῶς
1082 3700 1193 3751 λέλεκται
1209 3705 1263 3751 etc.
1280 3694 1407 3762 „acerbe

116 3787 242 3859 exigunt
264 3801 452 3862 repetuntque
470 3805 590 3849 causas.
624 3788 727 3844 Possit
744 3789 870 3844 fortasse
889 3790 937 3844 cui
955 3787 1054 3845 mendi
1073 3789 1204 3862 suspicio
1219 3787 1353 3844 accidere
1371 3786 1406 3842 de

113 3898 189 3953 'voce
209 3880 303 3953 πικρῶς
325 3870 484 3954 cogitanti,
511 3879 567 3935 hoc
592 3881 696 3937 melius
717 3883 876 3937 convenire
894 3883 925 3938 in
943 3881 1047 3937 duram
1064 3892 1094 3936 et
1110 3879 1247 3936 acerbam
1270 3878 1361 3936 debiti
1379 3888 1408 3934 et

117 3975 261 4048 pecuniae
280 3973 481 4038 exactionem,
508 3991 596 4047 quarn
619 3974 649 4029 in
670 3975 871 4049 quaestionem
889 3974 1033 4031 eruditam
1051 3984 1080 4028 et
1097 3975 1333 4048 grammaticam,
1359 3973 1408 4026 cui

121 4067 216 4140 magis
234 4082 397 4140 congruere
410 4063 525 4120 videtur
542 4065 644 4139 ψυχρῶς
652 4065 775 4137 frigide
792 4065 840 4121 vcl
850 4071 969 4138 γλίσχρος
983 4066 1124 4134 tenuiter,
1144 4065 1308 4131 subtiliter,
1325 4079 1408 4119 teno-

122 4157 217 4213 citer:
247 4177 320 4232 quae
341 4153 398 4215 tria
420 4159 539 4214 nomina
561 4157 730 4233 frequenter
750 4160 837 4214 inter
864 4178 895 4216 se
922 4160 1085 4233 permutari
1109 4153 1205 4216 solent
1226 4179 1241 4214 a
1265 4155 1408 4217 librariis.

89 4247 93 4261 ¹
120 4249 214 4323 Igitur
237 4250 322 4306 simul
347 4261 376 4306 et
400 4251 447 4306 hic
467 4250 551 4306 locus
579 4250 773 4307 vindicandus
797 4260 827 4307 et
848 4251 1031 4308 consuetudo
1057 4252 1208 4309 Plutarchi
1231 4251 1409 4307 declaranda

121 4351 166 4396 est
195 4342 345 4415 exemplis.
386 4341 463 4417 Opp.
491 4341 568 4398 Mor.
603 4361 632 4416 p.
657 4350 689 4401 41
714 4346 752 4404 Α.
799 4344 844 4413 τῆς
868 4341 993 4414 ἀληθείας
1017 4346 1067 4400 τοῖν
1092 4349 1229 4418 λεγομένοιν
1251 4343 1339 4416 ιἰκριβῆ
1363 4351 1405 4400 καλ

120 4432 242 4506 πικρόν
257 4434 394 4503 δξεταοτὴν.
413 4454 443 4511 p.
465 4441 500 4494 45
517 4435 552 4496 E.
580 4435 696 4492 auditor
715 4435 792 4492 dicta
813 4438 941 4494 oratoris
960 4439 1084 4512 πικρός
1105 4436 1224 4503 ἐξετάζειν
1241 4435 1356 4492 dicitur.
1374 4457 1404 4510 p.

121 4533 173 4585 664
189 4526 226 4586 D.
245 4523 370 4594 ἀδολεσχῶ
386 4530 539 4602 παρακαλῶν
561 4526 627 4600 ὑμᾶς
650 4536 691 4585 ent
709 4528 756 4600 τὴν
775 4529 875 4607 ζήτησιν
897 4530 941 4598 τῆς
961 4535 1060 4598 αἰτίας,
1086 4533 1127 4584 λ’να
1145 4530 1179 4600 μὴ
1196 4528 1312 4602 πικρός
1330 4538 1407 4599 γίνο-

126 4642 180 4689 μαι.
191 4623 206 4648 “
223 4617 303 4676 Haec
321 4619 577 4693 wyttenbachius.
614 4621 700 4680 Addo
718 4622 792 4681 Plut.
813 4623 912 4697 Symp.
931 4622 1051 4695 Quaest.
1071 4620 1141 4685 Lib.
1155 4622 1211 4682 lV.
1231 4623 1286 4679 init
1303 4640 1334 4694 ρ.
1345 4626 1421 4676 clm·
