3036 4994
200 197 258 260 236

202 354 239 410 ad
257 353 331 409 Luc.
358 351 561 410 de.eonserib.
581 353 649 407 hist.
675 371 705 425 p.
725 357 767 409 ta.
793 350 822 411 h.
846 349 866 410 Ι.
889 359 935 406 est
957 347 1071 415 aetati,
1096 345 1264 422 eupiditate
1287 358 1318 400 et
1340 343 1477 420 voluptate
1517 311 1518 390 i

201 463 402 502 transversum
428 446 533 520 abripi
555 445 596 500 od
617 444 736 519 aliquid
755 443 922 524 dicendum.
958 443 1035 498 Plut.
1059 442 1093 497 de
1119 442 1204 513 Pyth.
1233 438 1360 496 oracul.
1374 455 1418 512 ἠν.
1438 443 1477 496 tot
1517 407 1518 486 λ

202 542 235 598 Ε.
255 541 287 600 F.
323 539 355 603 ιλς
376 537 456 602 cibiae
475 543 593 593 ἕλκεσθαι
608 538 671 610 πρὸς
686 537 716 591 τὸ
739 542 843 592 οἰκεῖον·
877 532 908 590 οὗ
922 535 1017 607 μάνον,
1039 532 1070 596 ὧς
1088 539 1149 606 λέγει
1167 539 1288 597 Φιλῖνος,
1315 529 1477 603 ἅστρσλάγοις

201 642 244 690 ναὶ
261 635 429 708 φιλοσόφους,
452 630 505 688 ἄλλ’
523 640 549 688 ἐν
563 640 620 701 οἴνῳ
637 655 664 686 τι
680 630 761 700 πολλῷ
780 636 822 685 καλ
837 626 917 685 πάθω
932 636 1095 699 γιγνομένων,
1114 635 1199 683 οἴκτου
1216 650 1286 688 τινος
1304 624 1476 694 ὗποῤῥνένιις,

200 728 219 797 ἢ
238 729 319 796 χαρᾶς
337 724 523 801 προσπεσούσης
542 723 722 780 ὀλισθάνει
742 730 789 785 είς
810 718 932 777 ιῧωδόν
947 722 1006 794 γῆρ
1018 744 1067 786 ur,
1095 704 1258 790 ἐροιτικῶνπε
1278 724 1477 789 κατεπίμπλαντο

200 829 296 893 μέτρων
312 828 356 876 ιιαλ
373 819 489 890 ᾀσμάτων
504 821 536 874 τὰ
553 816 679 890 συμπάσαι
693 825 735 872 καὶ
750 818 782 871 τὰ
796 822 879 888 βιβλία
895 815 1054 888 γραμμάτια.
1089 815 1207 886 Quaest.
1229 814 1343 887 Symp.
1365 813 1398 877 Ι,
1418 818 1446 875 5,
1461 819 1478 868 λ.

200 934 229 988 p.
248 922 299 973 623
319 915 355 969 Α.
392 919 422 968 αλ
434 937 461 968 τι
474 912 522 985 γάρ
541 910 617 966 λίποι
634 911 663 966 νά
679 909 765 983 γοερὸν
780 917 823 965 καὶ
843 910 995 983 θρηνητικὸν
1017 907 1201 980 ὀλισθηρὸν
1223 915 1270 969 εὶς
1293 903 1385 976 ᾤδην
1402 914 1479 975 {poure

203 1007 289 1078 Quod
305 1006 342 1062 ad
362 1018 510 1062 auctorem
527 1007 644 1071 attinet,
664 1007 711 1059 eni
728 1005 758 1060 hi
776 1022 879 1060 versus
896 1006 956 1059 sint
974 1001 1164 1066 atribuendt,
1183 1004 1244 1074 jam
1262 1019 1365 1074 supra
1383 1018 1413 1073 p.
1434 1006 1477 1056 tos.

202 1096 384 1175 significavi,
412 1116 462 1154 eos
482 1100 553 1154 mihi
579 1098 672 1154 videri
690 1097 838 1154 desumtos
856 1115 920 1153 esse
938 1115 975 1152 ex
992 1096 1140 1170 Euripidis
1158 1094 1351 1168 Chrysippo.
1389 1093 1480 1150 Cicero

201 1190 321 1248 Tnseul.
342 1191 452 1263 Quaest
473 1191 528 1249 IV.
558 1209 584 1249 c.
604 1195 646 1249 33.
680 1193 795 1265 Atque,
829 1205 859 1244 ut
883 1188 1036 1245 rriuliebris
1057 1207 1175 1243 artiores
1197 1189 1370 1253 omittam,
1389 1187 1480 1260 quibus

201 1287 348 1362 ιιιαγόνειη
365 1285 519 1340 licentium
536 1299 644 1338 ιιοιιινα
664 1284 829 1340 couresst't:
846 1285 979 1358 quisunt
997 1283 1031 1336 cle
1044 1281 1232 1360 Ganymedis
1248 1295 1349 1354 raptu
1367 1279 1479 1344 dubitat.

201 1377 275 1452 quid
291 1392 396 1451 poetae
416 1376 531 1431 uelint?
564 1390 615 1430 uut
639 1396 697 1431 uon
717 1375 871 1444 iutelligit,
899 1375 972 1449 quid
989 1375 1070 1447 αμιιιέ
1088 1373 1273 1447 Euripidem
1298 1389 1329 1428 et
1354 1373 1480 1448 loquutur

199 1487 226 1525 er
248 1469 348 1543 cupiat
365 1469 486 1524 Laius?
517 1468 579 1523 Nee
602 1487 673 1523 vero
696 1467 874 1523 adversabor
892 1471 936 1533 ei,
964 1471 1014 1543 qui
1032 1471 1062 1523 iu
1082 1468 1212 1523 dramate
1228 1466 1339 1542 aliquo
1361 1469 1480 1539 satyrico

200 1581 252 1617 eos
268 1562 361 1616 lectos
378 1561 467 1617 fnisse
487 1559 604 1627 eredat,
623 1560 763 1616 adductus
774 1561 840 1616 loeo
855 1562 919 1617 Plnt
944 1561 978 1616 de
993 1563 1108 1621 animal.
1130 1562 1233 1619 solent.
1253 1581 1287 1634 p.
1310 1569 1368 1620 996
1382 1562 1417 1619 Ε.
1434 1559 1482 1616 ta

194 1650 323 1726 Ἡρακλῆς
341 1652 432 1724 ὁμοίως
454 1659 586 1724 ἑταῖρον
608 1651 757 1723 άγένειον
777 1651 925 1718 ἐπιδιώκων,
950 1652 1092 1724 άπελιίφθη
1107 1655 1157 1708 τῶν
1176 1652 1325 1726 άριστίων,
1353 1663 1398 1711 καλ
1412 1653 1483 1728 προά-

200 1753 262 1802 διικε
277 1745 322 1802 τὸν
335 1747 439 1813 στόλον,
459 1764 530 1820 quae
551 1743 640 1801 verba
657 1756 790 1818 spectant
801 1746 838 1802 ad
849 1750 1087 1821 Argonautarum
1104 1748 1337 1823 expeditionem
1355 1751 1403 1816 (hi
1418 1751 1484 1804 enim

201 1852 270 1896 sunt
286 1848 312 1896 ot
330 1838 449 1911 άριστεῖς,
467 1859 495 1895 v.
512 1839 582 1898 lntt.
600 1839 637 1896 ad
654 1840 724 1898 Eur.
737 1839 814 1896 Med.
831 1859 875 1897 vs.
889 1848 924 1904 5)
942 1853 971 1896 et
987 1841 1160 1911 Herculem,
1178 1842 1279 1916 Hylae
1301 1855 1481 1905 sectatorem.

200 1964 234 1975 -
252 1934 286 1990 hl
303 1933 370 1990 Ald.
389 1930 531 2001 ολκηδτητα.

268 2104 297 2158 p.
315 2093 363 2151 62,
381 2089 425 2142 ut.
460 2082 560 2155 tpoiar'
580 2114 609 2128 ·-
627 2080 842 2157 κάπιγράμματος]
876 2083 919 2139 Ita
940 2083 1018 2140 edidi
1035 2103 1155 2142 suasore
1170 2085 1370 2146 Hermanno.
1394 2087 1478 2164 Vulgo

202 2178 314 2251 ἐμφάντα
330 2211 364 2222 -
381 2185 422 2235 καὶ
438 2178 631 2250 ἐπιγράμματος.
665 2178 700 2234 Β.
718 2179 752 2234 Ε.
771 2178 838 2234 Ald.
856 2177 971 2251 ἐνφῦντα.
1007 2181 1071 2237 Bas.
1089 2187 1114 2234 ἐν
1132 2176 1225 2250 φάντα.

268 2347 296 2400 p.
315 2337 365 2394 6‘2,
384 2334 427 2386 22.
460 2331 628 2398 παιδομανία]
663 2329 740 2385 Plut.
757 2327 792 2384 de
811 2347 874 2402 cap.
894 2328 956 2385 util.
979 2347 1015 2383 ex
1033 2329 1108 2387 host.
1133 2347 1162 2402 p.
1182 2338 1217 2386 88
1237 2329 1275 2388 F.
1319 2328 1470 2403 οὗνοδνμηδέ

201 2421 289 2490 μοιχὸν
309 2419 467 2493 λοιδορήσῃς,
494 2417 569 2483 αδιὸς
594 2421 627 2474 air
648 2419 862 2492 παιδομανής.
897 2441 924 2479 v.
942 2421 1060 2480 Jacobs.
1078 2422 1236 2481 Animadv.
1254 2426 1392 2484 Anthol.
1408 2423 1474 2483 LII.

203 2529 232 2584 p.
252 2518 303 2570 244
346 2513 419 2568 Voc.
437 2519 618 2585 γυναικομανία
635 2529 705 2566 usus
721 2512 902 2585 Chrysippus
921 2533 966 2586 ap.
986 2514 1093 2568 Athen.
1112 2512 1166 2570 ΧΙ.
1184 2532 1213 2586 p.
1234 2521 1293 2573 464
1315 2518 1360 2576 D.
1394 2517 1475 2574 mist.

203 2605 329 2676 conjecit
347 2601 398 2659 ἄλλ’
417 2604 497 2678 ὥσπερ
510 2612 586 2660 ἐκεῖνο
601 2608 760 2675 θηλυμανία,
778 2603 842 2660 οἴνα
858 2606 933 2660 τοῦτο
950 2609 1114 2678 παιδομανία,
1132 2608 1402 2667 consentientibus
1414 2609 1477 2668 Meu.

203 2706 232 2751 et
251 2694 404 2768 Wyttenb.

208 2905 212 2912 ,
269 2868 297 2923 p.
317 2851 427 2916 oms.
462 2847 557 2920 φάναι]
591 2847 669 2920 φάναι
685 2847 720 2908 Β.
739 2845 774 2901 Ε.
792 2845 860 2902 Ald.

269 3017 298 3072 p.
317 3005 363 3062 62,
380 3002 424 3057 23.
457 3005 484 3053 τί
506 3002 532 3053 δὲ
554 2992 592 3052 δεῖ
613 3000 690 3067 λέγειν
713 3003 770 3069 περὶ
792 2995 966 3069 σωφροσάνης]
1001 2998 1045 3055 Ita
1073 3001 1190 3055 correxi
1216 2999 1324 3062 locum
1350 3008 1388 3065 de
1414 3022 1479 3064 meo.

203 3089 301 3164 Vulgo
321 3089 430 3145 absone
448 3101 476 3145 et
496 3101 596 3146 contra
615 3109 700 3144 usum
718 3090 923 3146 Plutarehenm
946 3098 973 3146 τί
994 3096 1031 3145 δεῖ
1047 3099 1143 3164 λέγοις
1170 3103 1225 3169 περὶ
1245 3100 1424 3172 σωφροσύνης
1441 3133 1481 3154 -.

204 3181 278 3237 Plut.
296 3181 330 3237 de
349 3181 403 3238 def.
423 3201 502 3239 orac.
521 3203 549 3255 p.
562 3189 610 3239 411
630 3183 663 3238 Ε.
682 3184 713 3237 τὰ
730 3184 777 3256 γάρ
794 3181 858 3239 ἄλλα
874 3192 907 3238 τί
924 3189 973 3238 δεῖ
989 3190 1110 3255 iepram·
1127 3187 1209 3243 ὅπου
1225 3187 1274 3258 τὴν
1291 3201 1429 3250 Βοιωτίαν
1441 3224 1480 3247 -.

203 3275 372 3350 Attigerunt
389 3278 463 3330 hane
481 3274 618 3348 loquendi
634 3278 777 3353 rationem
795 3279 890 3353 Toup.
909 3279 944 3334 ad
962 3280 1088 3355 Longin.
1113 3301 1139 3353 p.
1156 3289 1217 3340 285.
1256 3284 1427 3358 Wyttenb.
1451 3287 1479 3342 ad

203 3369 279 3426 l’lut.
297 3367 332 3423 de
347 3367 428 3427 educ.
447 3386 530 3440 puer.
552 3389 580 3442 p.
599 3377 614 3428 2
631 3370 664 3426 F.
700 3371 833 3428 Reiskius
851 3378 1038 3448 transpositis
1056 3379 1154 3431 verbis
1170 3377 1332 3452 legendum
1350 3403 1478 3458 pronun·

201 3462 299 3515 tiavit:
324 3456 411 3531 ιλριτης
433 3459 511 3530 φάναι
528 3461 593 3534 μηδ’
617 3463 691 3534 ἄλλης
705 3476 811 3537 μετεῖναι
831 3473 894 3537 μηδὲ
915 3474 1004 3539 φιλίας.
1037 3476 1093 3542 περὶ
1117 3474 1143 3524 δὲ
1161 3466 1332 3542 δωφροσιλνης
1351 3508 1391 3520 -
1407 3484 1442 3532 ἔτι
1458 3480 1478 3529 δέ

203 3559 305 3614 πίστεως
324 3558 366 3606 καὶ
386 3553 543 3625 δικαιοσύνης
561 3566 588 3612 ιί
603 3561 639 3614 δεῖ
657 3564 749 3630 λέγειν,
775 3558 840 3615 ὅπου
858 3567 900 3616 καλ
922 3589 967 3617 -.
1001 3562 1157 3634 Wyttenh.
1183 3583 1248 3621 cum
1274 3565 1361 3627 Mez.
1388 3565 1478 3626 maluit

201 3651 228 3698 τί
243 3642 292 3719 γάρ
309 3650 346 3702 δεῖ
362 3651 438 3718 λέγειν
453 3657 509 3723 περὶ
526 3651 701 3726 σωφροσύνηςς
1344 3658 1347 3663 ’

268 3815 296 3869 Ρ.
316 3805 364 3863 6‘2,
382 3803 424 3855 26.
459 3806 484 3854 ἐν
503 3805 606 3865 πολλοῖς
621 3810 739 3876 ἐπιφανές
753 3812 856 3876 γέγσνες
881 3803 961 3877 φάναι
982 3810 1010 3862 tt
1028 3807 1090 3879 πρὸς
1107 3808 1140 3863 τά
1159 3798 1240 3885 ἄλλα]
1277 3809 1390 3888 Vulgo
1408 3824 1479 3870 totns

105 3959 108 3965 .
201 3887 284 3944 locus
305 3893 410 3947 misere
433 3892 606 3967 depravatus
623 3895 772 3972 legebatur
792 3900 851 3954 sie:
878 3907 904 3955 ἐν
920 3904 1023 3962 πολλοῖς
1041 3907 1155 3971 ἐπιφανὲς
1172 3908 1256 3973 γέγονε
1277 3903 1346 3976 πρὸς
1363 3907 1401 3960 τά
1424 3904 1479 3962 ἄλλο

201 3984 266 4039 κατά
286 3983 330 4055 τὴν
346 3985 419 4055 φάσιν
438 3984 527 4044 uisui.
557 3989 607 4045 ἀλλ’
629 3989 646 4062 ἢ
664 3999 782 4062 ψέγονιαι
801 3999 835 4055 είς
853 3991 931 4064 μόνην
949 3999 1032 4064 φιλίαν
1057 3991 1213 4067 ἀνάρμοστον
1235 3989 1399 4067 ἀποφαίνειν
1422 4023 1480 4055 παν-

201 4075 297 4133 τάπασι
313 4077 398 4134 δεινόν.
433 4080 490 4137 Sed
508 4080 650 4138 librorum
672 4085 860 4158 expendenda
879 4088 1040 4159 scriptura,
1067 4107 1152 4162 quam
1169 4092 1323 4145 nonsatis
1343 4105 1481 4149 accurate

203 4174 333 4230 enotavit
349 4173 501 4246 Wyttenh.
519 4181 550 4233 Β.
569 4179 603 4239 Ε.
619 4177 686 4236 Ald.
704 4185 730 4233 ἐν
750 4186 853 4241 πολλαῖς
870 4188 1033 4252 ἐπιφανείαις·
1055 4190 1140 4252 γέγονε
1156 4186 1183 4238 δὲ
1199 4181 1262 4253 πρὸς
1278 4183 1314 4238 τά
1335 4184 1406 4242 ἄλλα
1423 4187 1483 4244 καλὰ

202 4266 233 4332 (λ’
251 4265 317 4322 Ald.
335 4265 410 4335 κατὰ)
426 4269 470 4339 νην
491 4268 566 4341 φύσιν
585 4269 679 4338 tricor,
700 4269 751 4326 ἄλλ’
768 4270 786 4326 ii
801 4280 923 4343 ψέγοντας
939 4274 1017 4339 (Ald.
1031 4277 1163 4345 φίγονται)
1179 4304 1226 4329 -.
1242 4273 1315 4334 Bas,
1333 4285 1363 4333 ἐν
1380 4285 1485 4341 πολλοῖς

203 4364 323 4429 ἐπιφανές.
339 4369 423 4433 γέγονι
439 4367 466 4417 δὲ
482 4363 544 4432 πρὸς
556 4364 588 4418 τά
603 4363 666 4421 ἄλλα
683 4363 747 4420 κατά
766 4365 810 4436 τὴν
823 4364 910 4439 φύσιν,
927 4363 980 4422 ἄλλ’
996 4366 1015 4437 οἳ
1029 4376 1148 4438 φάγονται
1162 4398 1208 4422 -·.
1225 4367 1312 4425 Unde
1323 4369 1483 4445 Wyttenb.

107 4500 118 4511 „
203 4449 279 4506 hanc
300 4452 411 4510 effinxit
431 4458 605 4532 scripturum
625 4467 650 4514 ἐν
672 4464 774 4521 πολλαῖς
793 4468 908 4532 ἐπιφανὲς
932 4470 1031 4531 γέγονι·
1064 4457 1128 4526 πρὸς
1152 4463 1179 4514 δὲ
1201 4459 1233 4514 τὰ
1260 4458 1328 4516 ἄλλα
1350 4464 1422 4520 καλὰ
1443 4464 1485 4533 τὴν

104 4510 164 4696 ἱ
204 4541 278 4614 φύσιν
296 4546 391 4613 αὐτῶν,
417 4547 450 4618 μὴ
469 4557 607 4621 ψέγοντας,
633 4559 667 4614 είς
686 4551 763 4624 μάνην
786 4577 812 4624 φ.
836 4555 861 4608 ιλ.
886 4551 1032 4624 άποφαίνιιν
1054 4571 1175 4628 eumque
1208 4565 1330 4610 secutus
1359 4557 1485 4615 Hutten.

202 4634 299 4695 Reist.
317 4641 501 4714 periclitatus
524 4653 585 4700 est:
613 4652 727 4718 ἐπιφανὲς
743 4646 910 4717 γάγονινατιλ
933 4645 1009 4718 φύσιν
1032 4644 1119 4710 oiseis
1143 4646 1180 4703 ὄν.
1213 4643 1265 4703 ἄλλ’
1287 4654 1313 4704 εὶ
1331 4656 1382 4707 καὶ
1400 4649 1483 4724 ipe-'r
