3036 4994
122 221 161 284 5⁸
469 208 472 213 ’
597 210 932 280 HAOYTAPXOY

121 377 270 464 σάμασιν
302 370 615 457 ἐναπογεννήσαντες
641 376 697 439 καί
724 371 852 462 καρπόν
883 371 1040 459 ἀράμενοι
1071 372 1196 463 χαίρειν
1222 373 1316 437 ἐῶσιν
1345 368 1412 448 ήδη

121 482 179 548 τόν
205 479 330 566 γάμον,
362 476 384 560 ἢ
408 479 561 562 μένοντος
590 475 630 542 ού
660 478 884 565 φροντίζουσιν
893 526 915 567 ,χ
945 475 1021 542 οῦδέ
1045 464 1191 556 ἀξιοῦίτιν
1223 476 1302 564 ἐρῶν
1335 471 1413 537 οῦδὲ

120 586 281 674 ἐράσθαι·
301 582 501 668 στέργεσθαι
518 582 553 645 δέ
568 583 624 647 καί
639 569 781 669 στέργειν
800 580 846 646 ι’νί
861 604 920 665 μοι
937 582 1027 645 δοκεῖ
1037 579 1205 666 γράμματι
1219 583 1276 643 τοῦ
1289 577 1414 657 στέγειν

117 685 366 776 παραλλάττον,
396 683 498 761 εύθύς
519 683 689 772 ἐμφαίνειν
707 685 767 765 τὴν
783 682 847 750 ύπό
864 682 985 773 χρόνον
1002 688 1059 749 καὶ
1082 681 1261 764 συνηθείας
1281 679 1411 771 ἀνάγκῃ

117 792 314 878 μεμιγμένην
331 787 470 855 εῦνοιαν.
504 777 557 853 Ὧι
576 786 610 853 δ’
633 784 674 853 ἀν
684 786 791 874 Ἔρως
810 788 974 879 ἐπισκήψῃ
989 790 1044 853 καί
1060 783 1245 876 ε’πιπνεύση,
1279 787 1413 872 πρῶτον

117 902 178 981 μὲν
196 896 230 960 ἐκ
251 894 308 972 τῆς
327 893 541 972 Πλατωνικῆς
560 890 682 969 πόλεως
704 893 743 957 τό
768 892 846 977 ἐμόν
867 890 926 978 ούχ
946 891 1005 972 ίξει
1025 894 1083 971 καί
1104 890 1141 955 τό
1163 887 1221 955 ούκ
1243 887 1341 972 ἐμόν·
1371 884 1414 953 ού

117 999 180 1086 γάρ
202 997 310 1074 ἀπλῶς
331 995 425 1086 κοινά
443 996 485 1061 τά
505 994 611 1083 φίλων
632 1041 886 1063 ..........
915 994 984 1081 ἀλλ’
1004 991 1027 1076 ἢ
1045 998 1114 1072 τοῖς
1133 990 1281 1076 σάμασιν
1300 988 1413 1077 όριζό·

65 1103 90 1160 E
115 1122 209 1185 μενοι
230 1100 288 1177 τὰς
308 1099 415 1190 ψυχάς
438 1097 497 1189 βία
523 1097 702 1182 συνάγουσι
721 1101 776 1163 καὶ
798 1098 1008 1179 συντήκουσι,
1035 1095 1115 1180 μήτε
1134 1092 1327 1181 βουλόμενοι
1348 1094 1411 1160 δύο

116 1194 216 1291 εἶναι,
243 1201 322 1286 μήτε
340 1202 537 1287 νομίζοντες·
556 1199 666 1267 ἔπειτα
689 1202 886 1290 σωφροσύνη
909 1203 991 1290 πρὸς
1012 1199 1185 1282 ἀλλήλους,
1205 1190 1243 1280 ής
1262 1198 1412 1282 μάλιστα

73 1331 77 1338 ·
118 1309 221 1375 δεῖται
238 1305 359 1392 γάμος,
384 1303 406 1386 ή
422 1310 483 1390 μέν
502 1302 626 1384 ἔξωθεν
644 1308 701 1370 καὶ
719 1305 809 1395 νόμῳ
822 1353 831 1370 .
844 1354 853 1373 .
867 1353 900 1378 ..
918 1308 1017 1372 πλέον
1040 1303 1159 1393 ἔχουσα
1183 1306 1239 1370 τού
1259 1302 1414 1369 ἑκουσίου

116 1410 156 1477 τό
173 1410 402 1496 βεβιασμένον,
421 1407 471 1474 ῦτί
493 1403 647 1491 αἰσχύνης
665 1411 722 1473 καί
742 1408 873 1494 φόβων,

307 1532 447 1597 Πολλῶν
467 1534 607 1616 χαλινῶν
627 1530 724 1619 ἔργον
744 1529 866 1600 οἰάκων
885 1533 923 1599 θ’
945 1531 1030 1621 ἅμα,

84 1687 87 1691 ·
116 1657 170 1725 διά
190 1654 297 1744 χειρός
317 1658 403 1723 ἐστιν
423 1657 475 1724 ἀεὶ
493 1661 560 1735 τοῖς
580 1660 751 1724 συνοῦσιν·
781 1658 897 1745 Ἔρωτι
917 1659 950 1726 δ’
972 1660 1159 1748 ἐγκρατείας
1178 1666 1335 1729 τοσοῦτον
1351 1668 1411 1731 καί

49 1757 92 1813 Ῥ
116 1758 242 1844 κόσμου
264 1762 320 1825 καὶ
341 1757 479 1839 πίστεως
503 1763 664 1847 μέτεστιν,
684 1756 781 1840 ὥστε,
801 1759 863 1827 κάν
885 1762 1068 1829 ἀκολάστου
1088 1771 1165 1830 ποτε
1183 1768 1265 1856 θίγῃ
1285 1771 1409 1856 ψυχῆς,

111 1858 294 1954 ἀπέστρεψε
314 1864 379 1927 τῶν
401 1861 511 1930 ἀλλων
532 1864 696 1954 ἐραστῶν,
723 1861 868 1949 ἐκκόψας
885 1866 919 1931 δὲ
936 1865 973 1931 τό
995 1864 1143 1956 θράσος,
1164 1871 1221 1932 καὶ
1240 1871 1409 1936 κατακλά-

109 1968 175 2042 ’σας
192 1965 229 2030 τό
250 1963 397 2053 σοβαρόν
413 1969 469 2031 καί
489 1965 674 2052 ἀνάγωγον,
693 1967 841 2052 ἐμβαλῶν
857 1967 940 2034 αἰδῶ
958 1956 1014 2034 κάὶ
1035 1968 1159 2048 σιωπήν
1177 1973 1231 2033 καὶ
1250 1970 1410 2058 ἡσυχίαν(

112 2071 170 2134 καὶ
192 2068 302 2154 σχήμα
319 2069 470 2157 περιθείς
491 2068 644 2157 κόσμιον,
675 2071 745 2148 ἐνὸς
769 2068 908 2151 ἐπήκοον
931 2073 1089 2153 ἐποίησεν.
1120 2071 1205 2138 ’Ἱστε
1232 2074 1408 2153 δήπουθεν

112 2169 195 2265 ἀκοή
210 2175 326 2240 Λαΐδα
347 2173 406 2253 τήν
425 2172 578 2260 ἀοίδιμον
598 2174 721 2256 ἐκείνην
741 2179 798 2242 καὶ
820 2176 1041 2265 πολυήρατον,
1068 2176 1110 2255 ὡς
1132 2177 1283 2266 ἐπέφλεγε
1302 2180 1407 2269 πόθῳ

48 2307 50 2315 ’
112 2275 347 2358 τήνἝλλάδα,
379 2277 507 2357 μᾶλλον
532 2278 567 2343 δὲ
590 2281 661 2355 ταῖς
685 2279 779 2344 δυσίν
802 2269 843 2360 ήν
861 2279 1077 2367 περιμάχητος
1099 2278 1305 2358 θαλάσσαις·
1334 2282 1405 2347 ίτέπ

114 2378 149 2442 δέ
162 2375 263 2466 Ἔρως
283 2377 396 2462 ἔθιγεν
418 2378 515 2459 αὐτῆς
531 2378 726 2466 Ἱππολόχου
744 2385 802 2447 τοῦ
827 2381 1012 2461 Θεσσαλοῦ,
1031 2384 1090 2449 τόν

302 2499 428 2569 Ὕδατι
446 2505 560 2594 χλωρῶ
578 2505 857 2590 κατακλυζόμενον
874 2507 1065 2593 προλιποῦσ’

299 2603 591 2694 Ἀκροκόρινθον,

10 2802 13 2809 Α
112 2735 170 2803 καὶ
190 2731 365 2821 ἀποδρᾶσα
384 2733 448 2797 τῶν
467 2731 575 2797 ἀλλων
587 2732 731 2821 ἐραστῶν
746 2729 857 2820 κρύφα
879 2779 1403 2810 .....................

45 2855 95 2909 768
110 2840 214 2927 μέγαν
235 2836 375 2928 στρατόν
392 2833 489 2926 ᾤχετο
509 2836 665 2920 κοσμίως·
691 2837 763 2901 ἐκεῖ4
783 2838 818 2902 δὲ
841 2835 941 2919 αύτήν
961 2839 997 2903 αἱ
1014 2843 1161 2924 γυναῖκες
1180 2840 1242 2907 ῦπό
1265 2844 1406 2934 φθόνου

37 2992 42 3001 .
111 2947 169 3012 καὶ
189 2941 286 3024 ζήλου
305 2939 361 3005 διὰ
379 2939 417 3004 τὸ
436 2936 556 3016 κάλλος
581 2935 627 3017 εἰς
649 2941 738 3026 ἱερὸν
760 2940 956 3026 Ἀφροδίτης
978 2945 1229 3028 προαγαγοῦσαι
1255 2950 1404 3012 κατέλευ-

106 3068 178 3112 σαν
203 3048 258 3111 καλ
285 3041 502 3132 διέφθειραν·
536 3036 635 3123 ὅθεν,
666 3042 707 3120 ῶς
733 3040 852 3122 ἔοικεν,
882 3041 928 3109 έτι
955 3047 1013 3141 νῦμ
1035 3046 1072 3110 τό
1096 3047 1183 3136 ἱερόν
1203 3045 1404 3135 Ἀφροδίτης

112 3144 320 3236 ἀνδροφόνου
339 3146 504 3211 καλοῦσιν.
536 3142 649 3229 Ἴσμεν
667 3146 707 3226 δή
727 3150 783 3212 καὶ
797 3146 1036 3232 θεραπαινίδια
1052 3148 1220 3215 δεσποτῶν
1240 3151 1404 3238 φεύγοντα

108 3249 304 3326 συνουσίας,
323 3251 380 3314 καὶ
396 3247 576 3332 βασιλίδων
594 3248 819 3340 ὑπερορῶντας
838 3247 985 3330 ἰδιώτας,
1005 3246 1224 3340 ὅτανἚρωτα
1243 3255 1404 3337 δεσπότην

112 3355 147 3419 ἐν
173 3355 263 3444 ψυχῇ
286 3349 475 3433 κτήσωνται.
518 3352 689 3439 Καθάπερ
715 3356 778 3441 γάρ
807 3355 841 3419 ἐν
866 3353 970 3443 Ῥώμη
1001 3359 1088 3438 φασὶ
1116 3359 1175 3421 τοῦ
1201 3360 1404 3441 καλουμένου

86 3502 89 3509 ·
113 3453 307 3540 δικτάτωρος
326 3455 606 3546 ἀναγορευθέντος
626 3455 857 3523 ἀποτίθεσθαι
877 3456 935 3534 τάς
959 3456 1061 3534 ἀλλας
1082 3457 1185 3545 ἀρχάς
1207 3461 1282 3538 τούς
1310 3460 1403 3547 έχον-

59 3623 61 3627 ,
111 3581 186 3637 τας,
215 3553 315 3637 οῦτως
335 3550 385 3638 οἷς
405 3556 447 3626 όίν
461 3559 567 3647 ’Έρως
594 3558 704 3647 κύριος
732 3561 915 3646 ἐγγένηται,
943 3562 1007 3625 τῶν
1030 3559 1136 3627 ἄλλων
1159 3564 1323 3629 δεσποτῶν
1343 3571 1401 3632 καὶ

104 3659 280 3749 ἀρχόντων
294 3663 464 3752 ἐλεύθεροι
482 3668 537 3730 καὶ
554 3664 671 3752 ἄφετοι
686 3664 842 3753 καθάπερ
862 3663 1044 3751 ἱερόδουλοι
1063 3667 1273 3733 διατελοῦσιν.
1302 3669 1353 3734 Ἡ
1367 3673 1402 3735 δὲ

61 3765 87 3824 Β
107 3763 248 3850 ,γενναία
272 3767 352 3848 γυνὴ
376 3768 459 3857 πρός
479 3765 591 3858 ἀνδρα
614 3766 754 3854 νόμιμον
776 3769 1003 3857 συγκραθεῖσα
1030 3767 1077 3834 δι’
1091 3768 1247 3858 Ἔρωτος,
1275 3771 1402 3859 ἀρκτων

105 3864 154 3935 ἀν
182 3867 361 3952 ύπομείνειε
389 3875 447 3954 καὶ
475 3869 662 3958 δρακόντων
687 3873 860 3961 περιβολὰς
887 3874 1031 3957 μᾶλλον,
1068 3870 1090 3955 ἢ
1119 3876 1246 3965 ψαῦσιν
1281 3874 1401 3963 ἀνδρὸς

41 4023 43 4027 -
113 3971 287 4058 ἀλλοτρίου
304 3975 363 4040 καὶ
384 3974 644 4060 συγκατάκλισιν.

112 4251 150 4309 D.
174 4256 201 4310 9.
236 4248 288 4308 ἀλλ’
306 4249 420 4323 ήΙΒΕ.
444 4251 512 4313 Ald.
530 4253 600 4313 Bas.
635 4253 737 4331 Vulgo
754 4250 807 4310 ἀλλ’
827 4261 859 4310 ολ
893 4255 1031 4313 Fortasse
1049 4256 1154 4313 lacuna
1174 4259 1216 4316 sic
1236 4259 1398 4334 explenda:

223 4340 225 4345 ’
262 4344 333 4403 κοινά
350 4345 383 4402 τά
402 4353 483 4422 φίλων
500 4344 558 4405 ούδλ
575 4346 692 4415 πάντων,
714 4346 768 4404 ἀλλ’
784 4345 802 4418 ἦ
818 4352 851 4403 οἳ.

112 4436 149 4497 Ε.
171 4443 197 4496 2.
233 4437 402 4516 σωφροσύνη]
430 4442 528 4502 Reisk.
563 4441 663 4518 Vulgo
684 4439 843 4515 σωφρρούνη.
918 4451 922 4458 ’

112 4531 148 4590 Ε.
173 4537 200 4588 3.
233 4529 317 4602 νόμω]
342 4533 472 4594 Turneb.
493 4535 593 4592 Reisk.
628 4535 727 4610 Vulgo
745 4534 835 4607 νόμων.

112 4621 146 4680 F.
169 4627 196 4684 4.
232 4619 357 4692 ἐπήκοον]
379 4625 441 4685 ΒΕ.
468 4628 535 4690 Ald.
553 4633 618 4688 Bas.
653 4628 754 4704 Vulgo
773 4627 891 4700 ὑπήκοον.
