3036 4994
626 164 877 234 ΕΡΩΊἾΚΟΣ.
1387 173 1406 237 l

118 326 246 405 amicis,
281 340 425 414 tanquam
459 331 497 395 de
528 329 732 412 composito,
769 328 873 394 Pisiae
906 328 1092 413 Daphnaeus
1124 330 1406 414 patrocinabatur,

118 431 325 509 Anthemioni
349 436 581 516 Protogenes„
602 434 664 516 Qui
690 457 759 501 cum
790 436 886 498 effuse
912 434 1118 500 insectaretur
1145 436 1404 501 lsmenodorama

118 539 151 603 0
171 537 341 614 Hercules,
368 537 468 622 inquit
488 539 696 622 Daphnaeus,
726 539 801 622 quid
820 561 883 602 uon
904 554 1136 622 exspectemus,
1167 544 1293 627 quaudo
1314 541 1405 606 etiam

119 644 318 726 Protogenes
338 647 423 707 adest
443 643 556 707 bellum
576 641 676 708 amori
695 643 858 707 facturus?
878 644 930 706 cui
944 646 1024 707 seria
1039 659 1070 710 et
1082 643 1154 726 joca
1169 645 1270 710 omnia
1287 647 1404 710 circum

117 769 255 810 amorem
276 759 305 810 et
324 761 455 831 propter
475 770 611 812 amorem
631 761 721 812 sunt:
744 746 835 830 eujus
850 768 943 812 rausa
961 749 1079 813 oblitus
1093 747 1266 825 literarum,
1287 750 1405 816 oblitus

116 849 236 934 patriae
263 863 335 915 ests
363 874 380 915 a
410 874 470 937 qua
500 874 563 916 non
593 853 729 937 quinque
759 855 910 917 duntaxat
937 851 1055 916 dierum
1085 851 1187 934 spatio
1215 856 1303 919 abest
1333 855 1405 919 Lati

116 955 281 1039 exemplo:
312 956 366 1040 qui
387 961 495 1021 tardus
515 955 574 1020 suit
594 968 625 1020 et
644 955 803 1021 terrestris
823 978 922 1021 atuor.
964 959 1052 1021 'l'uus
1073 979 1167 1033 vero,
1188 958 1405 1043 Protogenes,
1425 1015 1427 1020 .

117 1081 207 1126 amor
225 1083 242 1125 e
263 1060 375 1127 Cilicia
396 1082 495 1145 usque
516 1063 655 1128 Athenas
1398 1046 1404 1056 ³

308 1224 348 1238 -
368 1187 450 1256 alas
463 1200 656 1278 praepetes
677 1200 802 1257 rotans
824 1282 827 1287 ἡ

116 1330 201 1384 trans
232 1341 317 1384 mare
346 1317 531 1395 advolavit,
565 1329 597 1380 ut
624 1317 785 1381 formosos
819 1317 958 1395 viseret,
989 1298 1127 1403 'curruque
1159 1315 1199 1382 iis
1227 1320 1407 1407 oberraret.

117 1421 297 1487 Videbatur
322 1434 421 1486 autem
448 1421 602 1506 principio
630 1421 699 1485 talis
727 1425 874 1506 quaedam
901 1443 992 1487 eausa
1011 1421 1191 1508 Protogeni
1213 1444 1287 1488 auae
1309 1422 1408 1489 tuisse

117 1525 393 1611 peregrinationis.
883 1602 887 1613 ί
1429 1518 1432 1525 ’
1461 1517 1467 1528 ’

195 1632 257 1695 tv.
298 1632 423 1695 Oborto
437 1630 519 1705 risu,
538 1630 760 1714 Protogenes:
784 1631 858 1712 Ego
873 1651 968 1707 vero,
987 1630 1105 1716 iuquit,
1125 1629 1183 1695 tibi
1199 1629 1310 1697 videor
1323 1654 1406 1720 nunc

118 1756 252 1798 araurem
266 1734 463 1820 impugnare,
483 1757 546 1799 non
565 1757 625 1818 pro
640 1755 747 1798 errrore
760 1757 962 1824 propugnare
978 1740 1127 1799 adversus
1142 1735 1405 1825 intemperantiam

116 1852 147 1905 ct
166 1839 343 1914 libidinem,
368 1863 447 1924 quae
468 1837 653 1922 turpissimis
672 1839 765 1904 factis
785 1854 879 1926 atque
900 1841 1062 1919 aflectibus
1083 1839 1115 1904 in
1136 1840 1351 1907 honestissima
1372 1865 1406 1909 se

115 1943 238 2008 nouriua
259 1943 412 2009 intrudit?
442 1942 670 2026 Turpissimum
691 1966 769 2009 vero
792 1968 904 2019 uocas,
930 1943 1033 2026 ajebat
1053 1940 1258 2026 Daphnaeus,
1283 1947 1406 2030 nuptias

114 2061 147 2112 et
177 2048 237 2112 viri
264 2073 332 2112 cum
363 2048 490 2114 studiere
517 2048 787 2124 consuetudinem,
817 2070 877 2130 qua
905 2048 989 2112 nulla
1015 2061 1078 2122 est,
1107 2062 1160 2113 aut
1184 2047 1245 2112 suit
1269 2072 1405 2132 unquam

114 2152 253 2218 sanctior
273 2151 478 2236 conjunctio?
498 2156 584 2216 Haec
605 2150 749 2236 quidem,
775 2154 983 2234 respondebat
1004 2155 1223 2236 Protogenes,
1250 2154 1291 2216 ad
1309 2175 1405 2238 gene-

114 2258 266 2322 rationem
292 2254 466 2321 necessaria
494 2278 555 2330 uon
580 2256 659 2321 male
685 2254 827 2319 laudibus
856 2257 973 2319 vehunt
990 2255 1240 2343 legtuulatores,
1268 2269 1299 2320 et
1324 2260 1408 2338 apud
1437 2304 1440 2309 -

116 2360 342 2424 multitudinem
369 2358 561 2443 praedicant.
601 2359 682 2424 Veri
708 2359 823 2425 amoris
847 2382 886 2424 ne
912 2360 1035 2425 minima
1057 2359 1353 2444 quidemparrieuta
1373 2361 1406 2427 io

116 2486 276 2551 gynaeceo
297 2477 416 2529 exstat:
449 2485 592 2549 negoque
612 2485 692 2549 ego,
715 2486 790 2541 vos,
817 2469 886 2527 duur
908 2468 1058 2530 adversus
1078 2464 1239 2540 naurlieres,
1266 2475 1319 2528 aut
1337 2463 1404 2529 vir-

116 2569 223 2655 gines,
244 2568 407 2643 allicimur,
428 2591 542 2633 amare.
584 2571 662 2632 Nam
678 2591 779 2655 neque
794 2591 895 2632 musca
912 2572 977 2645 lac,
996 2591 1098 2655 neque
1113 2573 1206 2635 favos
1220 2569 1287 2653 apis
1301 2584 1401 2638 aurat:

114 2697 216 2757 neque
234 2673 428 2757 saginatorcs
448 2686 479 2738 et
495 2672 589 2755 coqui
603 2672 838 2738 benevolentiae
852 2695 943 2737 causa
960 2674 1075 2739 vitulos
1089 2689 1119 2740 et
1132 2697 1206 2739 aves
1220 2674 1403 2755 intenebris

113 2780 264 2859 saginant.
306 2781 370 2842 Sed
395 2780 651 2862 quemadmodum
678 2781 716 2841 ad
740 2778 842 2841 cibum
871 2790 979 2844 natura
1000 2786 1163 2846 moderato
1184 2790 1215 2845 et
1232 2779 1402 2845 sufficiente

112 2883 198 2948 ducit
219 2881 377 2965 appetitu:
399 2882 509 2946 triarius
529 2880 590 2964 jam
613 2880 718 2946 vitium
739 2882 915 2965 ingenerat,
936 2887 1024 2965 quod
1038 2881 1191 2970 gulositas
1205 2896 1235 2949 et
1250 2883 1402 2948 helluatio·

112 2988 233 3052 dicatur
257 3008 351 3052 sane:
381 2987 421 3051 ita
448 3000 658 3066 comparatum
679 2998 725 3050 est
745 3002 869 3063 natura,
898 3001 932 3053 ut
954 2987 1003 3053 vir
1018 3002 1054 3056 ,et
1075 2987 1184 3052 trrulier
1204 3001 1310 3054 tantun
1330 3010 1347 3051 a
1367 3011 1400 3054 se

112 3092 304 3174 voluptatem
333 3105 501 3175 expetant:
531 3112 610 3173 arrae
637 3112 713 3155 vero
739 3096 777 3156 ad
797 3095 859 3156 hoo
880 3107 985 3158 moret
1005 3091 1289 3183 concupiscentia,
1306 3097 1400 3157 vebr-

113 3197 247 3262 meutior
267 3198 349 3262 iacta
369 3212 401 3262 et
419 3195 558 3274 effrenis,
578 3216 641 3261 non
663 3195 884 3261 convenienter
898 3218 987 3261 amor
1001 3211 1148 3262 vocetur.
1188 3196 1400 3274 Amorenim,

113 3300 169 3364 ubi
196 3323 377 3384 generosam
406 3300 608 3366 adolescentis
634 3300 737 3386 attigit
760 3301 913 3377 indolem,
939 3302 970 3366 in
992 3302 1137 3367 virtutem
1159 3323 1216 3385 per
1235 3286 1397 3367 amicitiam

113 3404 246 3470 desinit:
269 3404 435 3470 bisantem
456 3405 690 3488 cupiditatibus,
711 3406 823 3490 quibus
837 3406 946 3470 mulier
964 3421 994 3472 et
1016 3406 1064 3471 vir
1084 3430 1117 3472 se
1138 3406 1270 3472 invicem
1291 3404 1398 3484 arent,

111 3510 140 3576 si
160 3533 210 3575 res
231 3509 346 3593 optime
366 3513 474 3589 cadat,
496 3511 567 3575 lieet
582 3509 726 3593 corporis
743 3511 901 3594 voluptate
915 3511 1027 3595 potiri,
1048 3527 1078 3577 et
1092 3512 1213 3576 formae
1227 3512 1397 3596 aetatisque
1431 3529 1437 3538 “

112 3617 248 3680 fructum
275 3615 457 3698 perciperet
489 3615 569 3680 sicut
588 3615 767 3700 Aristippus
794 3628 936 3682 testatum
963 3617 1055 3692 serit,
1085 3617 1138 3703 qui
1161 3617 1289 3681 Laidem
1316 3618 1397 3698 apud

112 3743 147 3786 se
169 3721 372 3802 vituperanti,
400 3725 486 3805 quod
506 3743 567 3786 oon
587 3733 720 3796 amaret,
747 3721 929 3802 respondit:
959 3723 989 3786 Α
1016 3723 1089 3787 rino
1108 3720 1242 3807 *ortoque
1262 3730 1293 3783 et
1311 3719 1397 3801 pisce

112 3846 176 3891 nou
197 3839 271 3906 puto
292 3824 388 3888 amari
409 3847 473 3900 me,
496 3837 595 3889 tamen
615 3839 748 3909 utroque
768 3826 902 3890 libenter
922 3848 1048 3891 vescor.
1090 3830 1168 3890 Nam
1189 3823 1259 3888 linis
1280 3847 1394 3888 concu-

111 3929 279 4015 piscentiae
299 3930 443 4012 voluptas
463 3941 510 3993 est
532 3942 563 3993 et
582 3929 710 4002 fruitio:
731 3952 834 4006 arnor,
854 3932 1086 4014 exspectatione
1100 3930 1250 3995 amicitiae
1268 3929 1392 4006 amissa,

113 4057 175 4099 uon
202 4034 268 4097 vult
293 4056 489 4117 permanere,
515 4055 616 4117 neque
640 4036 745 4098 colere
770 4037 890 4100 formae
918 4036 1018 4122 gratia
1046 4034 1093 4110 id,
1120 4038 1205 4118 quod
1232 4033 1391 4098 molestum

112 4152 178 4217 est,
209 4161 308 4223 aeque
336 4137 382 4216 id,
412 4143 499 4222 quod
524 4139 635 4217 floret,
665 4139 691 4204 si
718 4161 779 4204 non
805 4141 940 4204 fructum
966 4138 1082 4222 ingenii
1108 4142 1147 4201 ad
1175 4136 1337 4201 amicitiam
1361 4161 1379 4203 e

114 4303 334 4320 ῃ

115 4423 150 4482 Ε.
174 4431 197 4483 l.
231 4431 348 4501 περίεστι]
373 4428 433 4489 ΒΕ.
453 4426 606 4501 Wyttenb.
623 4433 760 4504 sceptratus,
779 4438 810 4484 nt
828 4439 872 4484 est
890 4431 920 4486 in
938 4427 1005 4487 Ald.
1026 4427 1094 4487 Bas.
1148 4400 1150 4406 ,
