3036 4994
1351 230 1411 297 tta

188 409 219 467 p.
236 399 267 458 4,
285 396 311 450 5.
345 389 394 447 ed»
408 394 539 463 γνωρίμων
554 389 614 450 τοὺς
630 385 776 455 πλείστους]
800 384 971 461 Explieaat.
988 401 1124 448 aetorum
1132 390 1294 471 plurimos.
1329 390 1408 450 For·

118 493 199 541 teste
216 494 313 553 recte,
343 484 394 540 sed
415 493 513 540 tamen
530 481 645 549 malian,
672 479 836 546 nobilium,
861 480 1056 554 optimatium
1079 482 1238 556 plurimos.
1273 482 1318 541 De
1344 503 1403 561 qna

120 595 188 632 voe.
205 574 326 651 γνώριμος
340 585 485 652 potestate
502 593 530 633 υ.
550 572 732 648 Wesseling.
750 572 788 630 ad
804 572 894 631 Diod.
912 571 1006 629 SieuI.
1026 573 1051 633 I.
1076 576 1136 636 534.
1170 575 1256 637 Held.
1276 576 1312 633 ad
1330 577 1407 636 Plut.

120 663 230 726 Τίιωολ.
249 689 279 744 p.
298 676 358 729 310.

186 832 217 887 p.
235 816 266 881 t,
284 821 310 871 7.
345 816 388 868 δια
403 811 452 866 τῶν
467 807 585 884 θεάτρων
601 806 716 881 άλλὴλοις
736 810 859 880 συνῆσαν]
895 806 975 866 Vide
996 807 1073 866 iufra
1097 828 1124 869 e.
1145 809 1230 868 XIX.
1254 828 1282 886 p.
1302 814 1351 870 765
1367 811 1404 875 C.
1488 836 1494 845 ·

121 904 265 980 καθορῶσι
283 911 327 961 καί
349 908 566 978 συγγίνονται
591 903 645 959 διά
669 895 774 975 λύμαν
795 898 878 958 πολλά
902 906 945 958 καλ
969 902 1113 973 πράξεων
1140 901 1302 973 άλλὴλοις.
1344 904 1405 967 Vit,

120 993 228 1068 Pyrrh.
247 1015 272 1054 c.
286 995 368 1054 XIV.
387 1002 431 1052 καλ
447 996 500 1050 διά
517 992 618 1065 λόγων
634 995 785 1059 συνόντες
803 992 966 1064 ἀλλήλους
983 992 1163 1068 εύφρανούμεν.
1196 992 1272 1058 Plat.
1290 997 1409 1074 Protag.

119 1105 151 1162 p.
170 1094 218 1147 347
235 1088 268 1146 C.
304 1093 348 1145 ταὶ
368 1088 418 1161 γάρ
443 1085 532 1155 οὗτοι,
560 1084 700 1159 διάτύμὴ
718 1084 847 1144 δύνασθαι
868 1085 1024 1158 άλλὴλοις
1047 1085 1092 1143 δι’
1113 1089 1240 1143 ἑαυτῶν
1262 1098 1410 1145 συνεῖναι

117 1184 183 1251 μηδὲ
200 1180 259 1236 διά
280 1182 325 1251 τῆς
345 1183 440 1236 ἑαυτῶν
458 1180 575 1251 φωνῆς
596 1185 639 1235 καί
659 1179 726 1235 τῶν
745 1179 785 1262 λά
794 1200 861 1252 χιιι·
883 1182 933 1236 τῶν
950 1183 1045 1237 λαυτῶν
1062 1178 1113 1238 dud
1131 1178 1313 1246 άπαιδευσίας.
1327 1187 1412 1253 τιμίας

116 1275 221 1329 ποιοῦσι
236 1274 283 1337 τάς
300 1273 468 1343 αὐλητρίδας,
492 1274 586 1329 πολλοῦ
602 1272 771 1346 μισθούμενοι
790 1271 923 1346 ἀλλοτρίαν
943 1275 1027 1347 φωνὴν
1045 1275 1091 1344 τὴν
1110 1274 1160 1330 τῶν
1177 1271 1271 1339 αύλῶν.
1297 1281 1340 1330 καὶ
1356 1273 1410 1329 διά

117 1366 163 1435 τῆς
178 1371 274 1421 λκείνιιν
295 1366 402 1438 φωνῆς
423 1361 575 1436 άλλὴλοις
597 1363 748 1421 σύνεισιν.
781 1365 828 1421 cll.
849 1366 985 1440 SympoS.
1003 1385 1034 1440 p.
1052 1369 1102 1424 176
1120 1367 1159 1423 D.
1181 1368 1215 1424 E.
1235 1366 1270 1423 de
1287 1368 1365 1443 legg.
1384 1365 1410 1428 I.

118 1474 148 1530 p.
168 1458 219 1514 ato
238 1457 272 1514 ta.
408 1476 411 1483 ·

186 1592 216 1649 p.
234 1581 266 1641 4,
284 1580 310 1633 8.
344 1577 547 1645 προειλημμένον]
581 1578 760 1648 προειλημίνσν
776 1574 842 1631 Ald.
863 1575 932 1631 Bas.
950 1575 1097 1633 Usitatius
1115 1573 1172 1632 hae
1189 1576 1222 1631 in
1238 1594 1270 1631 re
1288 1575 1407 1633 Plutar-

120 1666 177 1722 cho
203 1675 248 1721 est
273 1662 395 1721 verbum
418 1666 686 1738 προκαταλαμβάνειν,
712 1666 781 1724 vide
799 1667 859 1727 Vit.
876 1666 975 1727 Alcib.
999 1686 1027 1729 c.
1044 1668 1100 1728 IV.
1132 1665 1288 1741 φοβούμενος
1311 1673 1339 1725 δὲ
1363 1670 1410 1725 τὸν

115 1759 227 1814 πλοῦτον
250 1763 293 1812 ναί
316 1755 347 1812 τά
370 1753 484 1830 άξίωμα,
518 1765 561 1815 καλ
586 1757 631 1815 τὸν
652 1746 1069 1834 προκαταλαμβάνοντα
1090 1767 1230 1826 κολακείαις
1247 1768 1292 1818 ιιοιλ
1307 1761 1410 1838 χάρισιν

114 1848 198 1906 οἰστῶν
214 1857 259 1907 καί
272 1855 346 1914 ξένων
361 1857 404 1906 καὶ
421 1850 555 1924 ξυμμάχων
564 1851 657 1922 ὄχλον.

181 2013 212 2069 p.
229 2000 259 2064 ⁴,
284 2000 312 2052 9.
347 1991 476 2061 άνίζευξαν
493 1999 520 2049 σί
539 1999 638 2058 πλείους
669 1993 755 2069 ῶσπερ
771 2001 797 2051 dx
813 1996 949 2065 πολεμίας]
976 1994 1062 2053 -Vide
1086 1996 1165 2051 infra
1190 2013 1216 2052 c.
1234 1993 1353 2055 XXIV.
1378 2013 1410 2069 Ρ.

115 2093 167 2146 770
182 2085 218 2143 Β.
253 2082 347 2149 αύτούς
366 2091 393 2142 δλ
408 2085 526 2158 νομάδων
543 2091 615 2156 δίκην
629 2091 798 2160 ἐνεαρίζοντας
816 2096 870 2149 τοῖς
890 2084 1013 2156 τεθηλύσι
1032 2092 1075 2142 καί
1093 2082 1236 2158 άνθηροῖς,
1267 2085 1347 2148 εύθύς
1374 2094 1409 2141 ἐκ

116 2177 174 2248 τῆς
200 2185 357 2252 πολεμίας
381 2176 731 2252 ἀναστρατοπεδεύειν.
775 2178 853 2236 Plut.
885 2177 1070 2252 apophtegm.
1092 2197 1122 2252 p.
1141 2182 1191 2235 191
1209 2178 1247 2237 A.
1272 2179 1360 2242 νυκτὸς
1383 2183 1413 2236 dd

119 2275 217 2343 μίλλων
240 2271 304 2328 κατά
330 2268 407 2338 τάχος
429 2269 691 2342 ἀναζευγνύειν
713 2279 748 2326 Ia
769 2269 831 2341 τῆς
852 2273 1041 2342 πολεμίας.

183 2431 213 2487 p.
230 2419 264 2480 4,
288 2418 331 2472 14.
366 2401 486 2485 ἄφίκετο]
523 2411 677 2486 Wyttenb.
705 2431 771 2469 eum
798 2412 874 2469 ItIez.
900 2412 982 2468 malit
1009 2410 1132 2482 ἄφίεοιτο
1160 2423 1189 2469 et
1217 2415 1338 2475 Hutten.
1371 2433 1407 2482 eo

115 2505 256 2563 audaciae
280 2508 441 2580 processit,
472 2517 504 2562 ut
520 2506 550 2562 id
566 2508 714 2581 reciperet
731 2508 761 2562 in
780 2517 909 2573 textum;
940 2525 955 2560 a
975 2523 1032 2581 qao
1051 2504 1216 2562 absterrere
1233 2524 1300 2562 eum
1317 2505 1407 2562 debe-

114 2595 166 2654 hat
183 2597 241 2672 jam
257 2597 342 2666 illud,
370 2596 446 2674 quod
469 2598 557 2674 paulo
580 2607 647 2655 ante
670 2599 777 2674 legitur
801 2591 832 2670 ἢν
853 2604 879 2654 at
902 2605 945 2654 καὶ
966 2608 1129 2673 Πρωτογένης
1156 2594 1171 2655 ὃ
1202 2600 1334 2675 Ταρσεύς,
1362 2607 1407 2656 καί

113 2685 251 2754 Ζεύξιππος
273 2688 288 2746 ὁ
311 2690 528 2764 Λακεδαιμόνιος,
552 2696 626 2754 tarot.
658 2690 757 2761 Vide,
785 2707 859 2768 quae
877 2694 950 2748 scite
969 2694 1108 2767 exposuit
1124 2693 1300 2765 Bernhardy
1318 2691 1406 2765 Synt.

114 2804 146 2858 p.
165 2789 224 2843 417.
1286 2810 1288 2814 ’

179 2907 321 2976 p.t,11.
356 2901 473 2970 Βάκχωνι
491 2906 518 2958 δὲ
534 2901 568 2972 τῶ
588 2902 654 2971 καλῶ
669 2905 807 2974 λεγομένῳ]
843 2902 886 2958 De
910 2904 966 2958 hoc
990 2905 1105 2959 Atticae
1124 2899 1300 2958 urbanitatis
1318 2897 1404 2955 blan-

114 2991 242 3051 dImento
268 2992 376 3059 ὁκαλδς
401 2994 468 3052 vide
487 2992 627 3050 Creuaer.
645 3014 783 3070 praepar.
802 2994 839 3050 ed
857 2995 965 3053 Plotia.
985 2995 1019 3050 de
1038 2995 1156 3069 pulerit.
1184 3010 1214 3067 p.
1230 2991 1318 3049 XXV
1335 3012 1402 3069 sqq,

112 3083 289 3146 Boissonad.
308 3085 345 3142 ad
361 3087 503 3146 Philostr.
520 3086 640 3146 Heroic.
658 3105 688 3163 p.
707 3090 767 3146 306.
802 3085 919 3145 Jacobs.
939 3086 975 3142 ad
987 3087 1102 3144 Aeliae.
1115 3081 1193 3141 Hist.
1206 3087 1264 3143 An.
1279 3086 1346 3144 Vol.
1361 3086 1400 3145 II.

112 3198 142 3253 p.
159 3185 218 3236 444.
238 3184 267 3233 et
285 3195 358 3251 quae
376 3178 439 3250 ipse
458 3175 519 3233 dixi
536 3178 573 3234 ad
590 3178 664 3237 Plat.
684 3177 812 3250 Euthyd.
830 3197 860 3252 p.
873 3180 907 3236 74
923 3185 952 3232 et
968 3185 1009 3234 79.
1046 3175 1130 3232 Adde
1148 3175 1225 3234 infra
1242 3197 1268 3238 e.
1281 3179 1401 3239 XVIII.

111 3290 143 3346 p.
161 3277 210 3327 763
227 3271 266 3328 A.
301 3267 527 3341 άνάμνησονὴμάς
549 3279 575 3327 ἓν
597 3276 634 3333 οἷς
654 3269 671 3340 ἦ
691 3272 770 3342 καλὴ
790 3271 914 3343 Σαπφῶ
933 3276 1004 3341 λέγει.
1038 3269 1094 3326 His
1111 3281 1208 3327 tamen
1226 3290 1262 3328 ne
1281 3273 1401 3328 abutare

83 3372 87 3379 '
111 3363 149 3420 ad
166 3361 314 3438 vulgatam
331 3362 543 3418 defendendam
560 3364 636 3420 inira
655 3383 681 3424 e.
699 3365 784 3424 XXI.
803 3383 832 3439 p.
849 3372 898 3423 768
916 3364 953 3422 A.
988 3360 1119 3436 Καθάπερ
1135 3361 1183 3436 γάρ
1200 3371 1225 3420 ἐν
1241 3364 1318 3439 Ρώμρ
1335 3372 1401 3438 φασὶ

112 3455 178 3510 τού
199 3454 304 3509 καλοῦ
326 3450 520 3525 δικτάτωρος
536 3451 766 3529 άναχορευθέντος,
784 3456 836 3512 sed
857 3457 930 3511 citra
949 3456 1183 3512 controversiam
1201 3458 1400 3530 atripleetenda

114 3555 159 3603 est
175 3546 316 3622 palmaria
333 3542 480 3618 Xylandri
497 3547 680 3616 emendatio,
706 3548 753 3603 τοῦ
769 3552 924 3620 καλουμένου
942 3544 1099 3624 δικτάτωρος.

180 3694 321 3765 p.t,1³.
361 3690 497 3754 θεσπιαλς]
531 3690 641 3747 Iterum
659 3691 694 3748 E.
717 3697 855 3754 θεοπειαῑς.

179 3826 327 3907 ρ.4,15.
363 3830 433 3903 ἱκανὴ
455 3833 485 3888 τὸ
508 3835 589 3900 εἶδος]
617 3834 727 3903 forma
750 3832 874 3900 idonea,
901 3840 934 3888 ut
956 3829 1114 3906 Terentius
1139 3827 1221 3888 dicit.
1256 3826 1332 3886 Plut.
1361 3826 1397 3884 de

112 3924 181 3984 fort.
199 3924 285 3982 alex.
302 3945 331 4000 p.
345 3931 395 3983 339
412 3925 447 3985 E.
481 3926 543 3995 τὴν
565 3931 592 3982 δὲ
614 3924 873 3998 ὅηιινῆνλνανὴ.
908 3924 953 3982 De
970 3926 1084 3983 mulier.
1103 3927 1172 3982 virt.
1186 3943 1216 3998 p.
1227 3925 1278 3980 136
1299 3921 1331 3975 tt.
1367 3919 1399 3988 ἦν

112 4017 162 4089 71²0
179 4014 242 4092 αὐτῇ
260 4016 378 4090 ’94γὰ144
395 4013 486 4091 ἀνδρὸς
502 4018 571 4091 ῶραν
588 4027 680 4088 ίχουοα
697 4018 811 4090 πολίτην
828 4018 905 4087 ὄψιν
921 4019 1023 4090 ἱκανή.
1057 4019 1199 4074 Afranius
1217 4017 1247 4100 im
1261 4014 1397 4070 Divendita

114 4123 162 4180 ap.
190 4108 257 4164 Non
274 4128 303 4184 p.
322 4116 365 4168 21.
385 4109 430 4166 ed.
450 4109 543 4170 Mare.
1340 4124 1342 4128 ‘

313 4224 345 4281 V
344 4224 430 4282 ἰνοοα
446 4245 506 4283 αονι
521 4245 606 4293 ουτως
624 4227 699 4319 τεμεί
715 4228 789 4296 sim,
808 4247 867 4284 ιιονι
884 4228 988 4284 deamat
1006 4222 1096 4289 ινιίίιί,

312 4317 374 4393 Qui
391 4318 469 4375 υίενο
484 4317 571 4374 dent.-
589 4334 673 4376 αεεοε
690 4320 807 4393 integra
823 4325 883 4389 εον,
892 4322 1019 4391 jormoe
1036 4318 1125 4378 aazia.

97 4462 102 4472 ’
182 4471 213 4529 p.
230 4461 263 4523 t,
283 4462 323 4516 te.
357 4455 524 4533 πράττουσα]
548 4458 668 4534 πράσσειν
682 4468 733 4516 τινί
749 4484 776 4516 τι
795 4471 841 4517 est
857 4429 1086 4535 ‹aliquid-alictii
1104 4470 1297 4530 comparare,
1322 4470 1394 4508 eon·

113 4547 240 4615 eiliare,
257 4558 290 4604 ut
305 4548 392 4606 docet
407 4550 507 4613 Herm.
526 4552 563 4608 ad
581 4552 647 4627 vig.
667 4571 697 4627 p.
716 4557 777 4614 761.

146 4674 239 4723 ram.
257 4669 283 4727 1.
996 4663 1017 4726 t
1035 4664 1053 4693 ’λ’
