3036 4994
547 176 557 195 ’
599 153 607 161 ”
630 148 923 230 erupturam
1358 156 1396 221 25

115 327 217 378 sumto
244 314 307 379 alio
333 312 488 398 principio
514 314 611 378 fidens
642 315 839 401 tragoediae,
869 314 1102 396 diligentissime
1130 327 1161 381 et
1188 319 1226 385 ad
1253 314 1402 399 publicos

113 431 287 482 conventus
301 424 498 485 accomodate
511 415 803 501 scriptammutavit
818 409 979 500 versum]
999 420 1092 505 idque
1107 443 1186 485 nuno
1200 421 1245 485 sic
1261 421 1399 505 legitur:

305 520 377 615 Qui
399 522 511 590 dictus
530 534 582 592 est
601 545 625 590 a
644 521 989 614 ueritate'Juppite'r.
1041 518 1046 532 ²
1160 515 1162 519 ’

113 617 225 709 Neque
245 648 322 691 vero
342 629 459 705 refert,
490 643 590 693 utrium
617 621 776 707 delore,
803 630 855 693 vel
874 629 1043 706 Minerva,
1075 651 1112 692 an
1137 652 1214 695 vero
1236 633 1273 694 de
1294 652 1401 694 amore

113 753 193 814 quae
213 731 430 814 perhibentur,
458 731 636 797 indubium
661 757 767 798 voees.
809 736 883 797 Non
908 730 987 795 enim
1012 755 1093 795 nrtne
1114 733 1245 815 primum
1266 756 1348 799 aram
1370 746 1403 798 et

114 836 246 899 hostiam
268 836 394 919 Cupido
414 822 542 918 exigit,
556 861 655 922 neque
676 841 715 900 ab'
736 838 838 921 aliqua
860 837 1024 900 barbarica
1045 837 1264 916 superstitione
1284 843 1405 904 advena

111 954 175 1015 est,
203 940 281 1004 sient
301 944 396 1006 Attae
420 944 545 1027 quidam
573 954 606 1005 et
624 942 768 1006 Adonaei
794 943 848 1027 qui
870 942 1037 1014 dicuntur,
1064 944 1103 1003 ab
1130 941 1342 1017 semimaribus
1369 955 1404 1006 et

67 1056 70 1062 '
111 1044 292 1108 mulieribus
317 1047 544 1123 introductus,
564 1046 751 1111 ut‘libi'dine
778 1045 1167 1130 qu‘adetir'inoonvenieuti
1197 1040 1338 1118 fruatur,
1367 1058 1398 1109 et

114 1149 224 1213 merito
246 1161 388 1236 tauquam
410 1151 533 1232 spurius
554 1149 636 1214 inter
656 1154 731 1213 deos
751 1154 790 1213 ad
807 1156 933 1213 'euersam'
950 1149 1108 1215 dicendam
1130 1141 1254 1226 citetur.
1295 1149 1408 1214 Enim·

112 1276 190 1318 vero
212 1256 423 1336 Empedoclea
444 1254 501 1318 ista
522 1253 644 1337 legens,
667 1256 762 1319 amice
776 1271 798 1317 τ’
856 1268 876 1275 ·’

313 1355 380 1424 Est
400 1358 437 1423 in
457 1357 508 1426 eis
527 1357 713 1434 et‘Am0r‚
728 1355 855 1449 plane,
877 1377 987 1442 quam
1008 1368 1171 1439 caetera,
1192 1357 1329 1443 lonqus,

309 1457 498 1552 Quamque
516 1461 641 1528 eadem
658 1460 773 1528 latus:
792 1459 858 1528 sed
874 1483 954 1526 eum
973 1461 1193 1550 tunouspice
1212 1476 1345 1548 inerte,

314 1562 391 1632 Nec
409 1563 569 1653 stupidus,
580 1565 729 1643 frustra
749 1561 844 1630 hunc
863 1563 1048 1631 oculorum
1067 1563 1200 1632 lumine
1219 1584 1374 1649 quaere:
1393 1641 1396 1647 ¹

113 1668 344 1755 intelligendum
369 1680 433 1746 est,
462 1668 537 1733 liaeo
563 1674 601 1735 de
628 1673 748 1737 Amore
775 1668 859 1733 dicia
891 1690 990 1754 neque
1018 1668 1097 1733 enim
1127 1670 1197 1734 visu
1225 1674 1316 1746 deus,
1349 1674 1408 1735 sed

114 1772 317 1858 intelligentia
331 1797 353 1836 a
375 1773 467 1838 uobis
483 1773 630 1861 renuitur
652 1774 734 1851 iste,
756 1796 847 1837 unns·
861 1776 898 1837 de
921 1772 1153 1856 antiquissimis.
1194 1776 1243 1839 De
1268 1790 1404 1858 quorum

113 1877 242 1958 singulis
258 1876 417 1942 sicertum
432 1879 576 1943 iudicium
591 1878 739 1964 quaeras,
762 1878 865 1941 omnia
878 1878 991 1959 templa
1006 1899 1198 1958 pervagans,
1218 1892 1249 1942 et
1261 1877 1411 1960 *quamvis

114 2004 197 2045 aram
218 1982 420 2066 sophisticum
447 1986 504 2047 snb
532 2006 666 2047 exarnen·
687 2004 823 2058 vocans,
852 1981 928 2045 nihil
953 1980 1123 2044 calumniae
1144 1994 1176 2045 et
1194 1978 1412 2065 inquisitionis

113 2085 270 2170 relinques
289 2087 449 2153 immune.
476 2091 525 2152 Ne
545 2087 658 2168 procul
679 2064 805 2162 abeam,
824 2111 826 2115 ⁷

187 2196 190 2200 ’
230 2191 275 2255 Α.
306 2187 392 2257 Non
412 2213 473 2273 eqo
493 2184 583 2257 salis
603 2187 722 2272 uideo,
744 2183 863 2278 qualis
882 2183 949 2254 dea
969 2186 1017 2254 sit
1037 2184 1074 2255 V
1072 2207 1170 2254 enos.

231 2296 272 2357 Β.
307 2291 410 2360 Haec
431 2305 500 2368 est,
521 2314 615 2384 quae
631 2289 833 2359 hominibus
854 2291 980 2357 inserit
1002 2288 1221 2382 Cupidinem.

228 2412 233 2428 ²
272 2478 273 2484 ἵ
313 2392 442 2483 Cujus,
463 2397 664 2484 quicunque
683 2408 802 2462 terras
821 2392 1023 2480 incolimus,
1039 2393 1162 2486 proles
1180 2414 1313 2463 suenus,

118 2502 277 2566 Venerem
296 2523 368 2566 sane
388 2495 599 2577 Zeidoron,
616 2500 648 2564 id
668 2513 715 2564 est
730 2499 817 2564 ritae
837 2498 1047 2580 largitricem,
1074 2500 1299 2582 Empedocles,
1319 2492 1415 2564 Fru-

114 2605 272 2688 qismam
284 2605 458 2688 Sophocles
472 2605 548 2669 scite
562 2618 592 2669 et
606 2606 829 2668 convenienter
844 2603 1091 2684 appellaverunt.
1133 2607 1251 2668 Tamen
1267 2617 1412 2684 magnum

115 2708 193 2772 illud
207 2721 238 2771 et
251 2709 467 2773 admirandum·
478 2731 558 2791 opus
572 2722 618 2774 est
632 2707 788 2782 Veneris,
808 2710 862 2771 sed
877 2713 962 2789 qnod
977 2711 1080 2773 Amor
1097 2708 1223 2792 adjuvet
1241 2728 1410 2791 praesens:

117 2836 182 2898 quo
202 2815 343 2889 absente,
363 2836 413 2879 res
435 2834 565 2901 venerea
587 2834 686 2897 neque
698 2800 912 2894 ‘expetendum
927 2811 1044 2895 aliquid
1059 2825 1122 2890 est,
1144 2814 1179 2876 et'
1189 2814 1273 2878 omni
1288 2815 1412 2876 honore

117 2940 155 2980 ao
174 2916 308 2984 amicitia
337 2930 438 2982 rarat.
478 2918 591 2983 Coitus
619 2918 699 2987 enim
728 2921 846 2997 absque
874 2939 997 2995 amore,
1029 2918 1109 2982 sicut
1139 2919 1236 2982 sarues
1263 2928 1294 2980 et
1322 2914 1411 2988 sitis,

119 3021 274 3106 implenda
294 3023 400 3088 finitus
419 3021 587 3105 eupiditate
607 3023 637 3086 in
655 3021 731 3086 nibil
748 3022 911 3104 pulchrum
926 3021 1050 3087 desinit.
1091 3025 1154 3087 Sed
1166 3025 1276 3086 Venus
1290 3022 1413 3083 Amore
1450 3035 1453 3038 ·
1514 3106 1516 3112 k

117 3127 275 3193 fastidium
297 3128 446 3204 abolens,
474 3126 639 3191 erarinitiam
659 3127 821 3213 ingenerat
841 3140 872 3192 et
892 3125 1011 3191 animos
1031 3141 1258 3210 contemperat.
1300 3127 1413 3208 Itaque

119 3233 320 3297 Parmenides
345 3235 495 3296 Amorem
519 3231 654 3297 ostendit
676 3231 813 3296 Veneris
836 3253 966 3317 operum
991 3255 1057 3296 esse
1080 3230 1346 3317 antiquissimum,
1376 3229 1408 3293 in

118 3337 205 3401 libro
225 3338 263 3401 de
283 3348 355 3401 ortu
376 3338 479 3401 mundi
498 3337 543 3401 sie
564 3337 725 3401 scribens:

314 3438 411 3507 Ante
430 3461 547 3509 omenes
567 3437 660 3508 alios
680 3461 828 3530 superos
846 3441 1031 3524 qeneraoit
1050 3439 1237 3513 Amorem.

118 3545 277 3612 Hesiodus
308 3541 409 3611 autem
441 3558 568 3609 naturae
601 3535 825 3630 congruentius
857 3545 932 3609 mihi
965 3545 1090 3610 videtur
1117 3547 1271 3611 ‘Amorem
1302 3540 1412 3606 lacere

114 3650 256 3736 *omnium
271 3647 536 3733 antiquissimum:
558 3662 591 3714 ut
611 3672 754 3738 pereum
776 3650 878 3714 omnia
892 3663 1072 3714 nascentur.
1113 3653 1204 3732 Ergo
1226 3649 1254 3713 si
1273 3667 1412 3712 amorem

120 3753 254 3823 decretis
281 3757 309 3819 ei
334 3738 510 3819 honoribus
536 3754 718 3836 spoliamus,
738 3776 787 3819 ,ne
812 3754 948 3820 Veneris
976 3755 1099 3840 quidem
1126 3756 1226 3819 cultus
1253 3773 1310 3815 suo
1336 3751 1412 3815 loeo

121 3857 270 3924 ruanebit.
310 3861 383 3923 Non
404 3858 482 3922 enim
503 3861 565 3923 hoc
584 3858 646 3922 diei
665 3872 783 3943 potest,
803 3864 955 3945 quosdam
973 3881 1109 3925 amorem
1127 3855 1280 3924 conviciis
1300 3853 1410 3939 exagi-

123 3978 206 4040 tare,
227 3961 382 4028 abstinere
402 3987 419 4028 a
439 3965 577 4029 Venere.
618 3965 680 4027 Sed
698 3987 739 4028 ex
758 3968 863 4028 eadem
883 3987 975 4029 scena
995 3964 1162 4030 audiuntur
1180 3966 1278 4028 haec:

315 4066 435 4134 Amor
455 4067 588 4138 otiosus
609 4078 679 4148 est,
701 4079 735 4133 et
755 4080 902 4160 occupat
917 4069 1056 4156 piqros.

130 4239 167 4296 F..
191 4245 217 4299 1.
251 4237 322 4311 ὅρᾷς]
343 4238 400 4299 ΒΕ.
420 4236 497 4296 Mel.
516 4235 670 4309 Wyilenb.
706 4236 802 4313 Vulgo
820 4233 881 4313 ὅρῶ.

127 4331 164 4391 E.
188 4339 215 4390 2.
244 4333 337 4409 Ἕρση]
356 4334 392 4391 Ε.
427 4333 523 4409 Vulgo
537 4331 623 4406 'lipom
704 4360 706 4364 >

132 4422 170 4504 F..
193 4431 219 4498 1Ε
252 4425 396 4502 σύγκρασιν]
414 4423 571 4497 Wyttenb.
590 4441 606 4478 e
623 4422 684 4484 BE.
704 4423 781 4481 Mez.
817 4424 913 4504 Vulgo
931 4426 1067 4498 σύγκρισιν.

131 4518 167 4577 F.
190 4519 216 4573 5.
250 4517 535 4591 upoyevdntnaor1BE.
569 4517 664 4593 Vulgo
681 4518 864 4592 πρεσβύτατον.
1121 4506 1124 4513 ¹

126 4610 162 4668 F.
187 4616 212 4667 7.
247 4606 305 4666 otte
323 4612 377 4680 τῆς]
395 4610 429 4668 E.
464 4610 559 4685 Vulgo
577 4608 635 4668 οὐδὲ
650 4609 683 4665 τὰ
697 4610 754 4680 «ἧς.

131 4702 168 4764 Α.
193 4708 219 4761 2.
255 4698 319 4756 ἀλλὰ
338 4698 399 4768 sini]
416 4701 473 4764 ΒΕ.
511 4701 605 4780 Vulgo
623 4698 678 4762 Μ
696 4700 759 4764 riui.
