3036 4994
102 145 157 192 vm

103 286 196 350 taedii
215 285 336 367 plenum
353 285 384 345 in
402 304 434 345 se
453 283 593 364 recipiat,
613 302 674 344 non
692 284 840 365 vituperio
859 290 892 346 ut
912 290 979 347 acta
998 302 1103 365 agens,
1125 284 1179 346 sed
1197 284 1258 346 acri
1278 281 1398 345 stimulo

104 415 138 468 ut
161 425 227 468 rem
244 404 403 486 perutilem
421 410 611 484 suscepturus
629 403 735 485 dignus
754 422 821 466 esse
842 403 986 467 videatur.
1027 401 1168 467 Profecto
1186 422 1247 464 non
1267 400 1325 463 luit
1342 402 1400 462 ini-

104 545 165 608 qua
190 544 256 587 sors
275 523 427 588 Plutarchi
449 530 552 584 nostro
583 531 717 603 tempore
737 530 768 585 et
793 542 1001 604 speraveram,
1033 542 1137 584 eorum
1167 523 1315 602 aliquem,
1348 522 1401 601 qui

104 664 184 707 nune
213 645 245 706 in
267 643 425 705 Plutarcho
450 642 604 713 habitant,
637 642 668 702 in
691 662 816 705 vacuam
841 643 1049 723 posessiouem
1077 642 1286 704 inuolaturum.
1336 640 1399 702 Sed

105 783 198 844 quum
219 762 451 834 intellexissem,
484 761 569 823 Vitas
586 760 774 841 potissimum
799 763 954 824 hominum
974 762 1160 823 eruditorum
1186 760 1292 822 studiis
1323 759 1402 821 cele-

106 884 207 956 brari,
233 881 359 945 Moralia
381 900 453 944 vero
481 880 608 960 scripta,
636 881 675 943 ad
695 901 772 963 quae
794 882 941 943 difficilior
963 888 994 943 et
1013 881 1185 962 impeditior
1208 886 1254 941 est
1279 879 1396 951 aditus,

107 1022 220 1085 paucos
243 1002 405 1085 attingere,
435 1002 501 1081 ipse
526 1001 613 1081 coepi
635 1000 686 1063 illa
710 1021 763 1082 spe
790 1001 923 1084 dejectus
952 1001 1031 1062 viam
1056 1001 1094 1062 ab
1123 1000 1188 1061 aliis
1213 1018 1274 1060 non
1299 998 1400 1060 tritam

109 1122 229 1205 ingredi
251 1122 390 1203 viresque
415 1136 498 1182 meas
517 1128 624 1182 tenues
642 1122 673 1183 in
690 1122 748 1184 hoc
765 1141 871 1204 campo
892 1120 1069 1203 periclitari,
1097 1121 1247 1191 virorum,
1278 1138 1406 1199 quorum
1454 1091 1458 1096 ’

107 1242 268 1323 plurimum
294 1241 374 1323 apud
404 1260 453 1302 me
475 1240 556 1302 valet
583 1241 763 1314 auctoritas,
793 1241 924 1303 consiliis
950 1248 982 1303 et
1013 1239 1272 1302 adhortationibus
1306 1256 1408 1298 corro-

99 1361 241 1435 boratus.
281 1362 326 1422 Ne
344 1378 417 1421 uero
444 1360 539 1440 majus
564 1374 639 1438 opus
664 1378 754 1439 quam
780 1379 843 1440 pro,
855 1360 967 1441 ingenii
985 1361 1045 1422 mei
1065 1359 1272 1423 mediocritate
1303 1357 1410 1419 moliri

109 1481 228 1552 uidear,
249 1497 348 1559 neque
367 1478 430 1539 otio
447 1476 603 1537 abundans
624 1495 723 1556 neque
746 1496 854 1557 magna
875 1478 1012 1538 codicum
1033 1479 1218 1558 supellectile
1236 1475 1410 1549 instructus,

109 1616 190 1659 nunc
216 1595 338 1677 quidem
360 1594 520 1656 artioribus
539 1612 589 1655 me
610 1595 674 1674 ipse
702 1593 811 1656 finibus
831 1595 1047 1675 circumscripsi
1072 1602 1103 1657 et
1126 1616 1237 1657 nomen
1258 1598 1411 1679 fidemque

111 1712 256 1798 proliteor
275 1714 313 1775 de
341 1708 379 1775 iis
404 1712 550 1775 duntaxat
569 1713 654 1775 libris
681 1714 819 1788 edendis,
842 1734 917 1795 quos
941 1715 1192 1796 Wyttenbachius
1218 1717 1410 1777 uberioribus

114 1833 225 1895 criticis
257 1840 287 1896 et
315 1832 477 1913 exegeticis
506 1830 728 1896 commentariis
752 1853 814 1895 non
840 1835 988 1897 instruxit.
1035 1837 1121 1911 Quae
1147 1853 1196 1898 res
1221 1831 1246 1896 si
1274 1855 1313 1896 ex
1338 1843 1411 1897 voto

114 1952 253 2026 cesserit,
286 1960 350 2016 tum
373 1953 474 2017 omnia
493 1953 643 2016 Plutarchi
664 1972 756 2034 opera
780 1953 905 2015 moralia
931 1952 970 2016 ad
997 1936 1117 2016 codices
1144 1974 1268 2016 recensa
1293 1955 1415 2016 duobus

114 2074 248 2137 tribusve
267 2068 467 2138 voluminibus
485 2073 702 2154 comprehensa
720 2073 957 2154 brevissimaque
978 2074 1170 2136 adnotatione
1187 2074 1303 2156 adjecta
1320 2073 1415 2135 edere

116 2194 245 2257 decrevi.
302 2206 304 2210 ’

193 2317 347 2378 Erotieum
359 2322 392 2378 ut
407 2316 558 2399 eligerem,
579 2317 630 2396 qui
644 2331 752 2398 agmen
768 2295 892 2377 duceret
902 2313 1048 2377 librorum
1061 2312 1211 2377 Plutarchi
1227 2335 1245 2375 a
1260 2335 1308 2377 me
1324 2306 1416 2374 eden-

120 2434 247 2506 dorum,
266 2435 375 2515 partlm
398 2434 581 2498 admirabilis
598 2436 686 2515 hujus
703 2433 839 2514 opusculi
862 2432 1012 2514 elegantia
1032 2453 1067 2495 ac
1086 2441 1227 2534 venustas
1244 2432 1351 2517 partim
1369 2440 1416 2497 iu-

120 2553 214 2635 signia
243 2554 408 2634 scripturae
427 2539 597 2633 ¹corruptela
626 2560 657 2613 et
684 2551 768 2613 labes
799 2570 850 2613 me
873 2552 1052 2624 commouit,
1078 2560 1111 2615 ut
1140 2554 1172 2614 in
1190 2534 1262 2616 tam
1288 2555 1416 2636 exiguae

121 2672 209 2735 molis
223 2672 299 2734 libro
317 2671 469 2734 luculente
482 2677 728 2752 cognosceretur,
748 2670 821 2752 quid
834 2666 942 2751 reliqui
956 2669 1063 2734 feeerit
1075 2670 1415 2749 WYTTENBACHIUS

39 2818 48 2831 ·
122 2791 253 2874 posteris
264 2789 437 2853 edltoribus.
452 2783 616 2852 Verissime
627 2783 706 2851 enim
716 2792 751 2853 Ι).
760 2790 1007 2853 RUHNKENIUS
1019 2791 1058 2852 ad
1067 2786 1418 2857 WYTTENBACHIUM

123 2912 264 2992 (Epistol.
280 2910 328 2972 ed.
342 2910 460 2972 blahue.
480 2900 649 2993 Vlissingae
668 2907 754 2973 1832.
774 2931 804 2992 pt
823 2906 883 2986 lt.)
901 2909 978 2972 haec
994 2910 1126 2991 scripsit:
1147 2911 1245 2984 „Est,
1263 2917 1419 2987 atteritis,

124 3048 225 3093 aaron
241 3030 387 3093 Heterclti
409 3006 476 3092 liber
501 3031 533 3090 de
554 3032 677 3092 numinis
699 3028 831 3092 uindicta.
876 3024 974 3092 Verum
998 3038 1090 3093 tamea
1106 3028 1270 3094 Amometus
1292 3029 1421 3095 latiorem

125 3151 337 3231 nuncupem,
358 3154 390 3212 io
407 3170 460 3230 quo
476 3151 576 3211 critica
594 3149 714 3227 [cottas
734 3170 881 3212 cucumere
901 3153 1076 3230 cognoscique
1091 3131 1197 3231 posset,
1213 3152 1391 3233 praebuisset.
1401 3157 1422 3185 “

125 3267 226 3330 Prima
242 3254 279 3331 ae
296 3269 450 3350 potissima
467 3269 540 3330 mihi
558 3283 629 3331 cura
645 3264 717 3341 luit,
737 3276 771 3331 ut
787 3270 939 3351 scriptoris
956 3269 1048 3332 verba
1066 3284 1157 3350 mnam
1174 3267 1421 3336 emendatissime

128 3386 239 3469 scriptu
256 3387 440 3450 exhiberem.
480 3387 548 3463 Qua
563 3389 595 3450 in
613 3409 646 3450 re
663 3384 781 3472 egregie
795 3385 868 3451 mihi
885 3388 1062 3470 profuerunt
1079 3390 1140 3452 duo
1154 3385 1281 3452 Parisini
1294 3388 1379 3464 libri,
1403 3413 1423 3454 a

128 3507 187 3570 Fll.
207 3507 412 3570 DUEBNERO
436 3515 498 3570 tam
513 3508 621 3591 insigni
643 3520 714 3571 curn
735 3508 766 3570 et
791 3503 941 3594 ἀκριβείᾳ
957 3520 1057 3571 meum
1074 3511 1106 3572 in
1120 3529 1209 3573 usum
1228 3511 1365 3585 excussi,
1384 3520 1421 3575 ut

129 3626 176 3688 nil
196 3635 300 3708 posset
318 3647 428 3709 supraz
449 3619 525 3690 aller
544 3629 674 3710 optimae
694 3633 785 3689 uotae
1062 3709 1067 3718 Ι

208 3745 340 3809 CODEX
357 3747 670 3810 MEMBRANACEUS
688 3742 888 3810 PthSlNUS
908 3747 978 3810 Nro.
994 3741 1079 3813 1672.
1098 3746 1185 3813 litera
1197 3745 1232 3813 Ε.
1252 3744 1426 3835 aWytteu-

130 3863 239 3928 bachio
258 3865 434 3948 insignitum
454 3865 530 3962 alter
549 3867 601 3948 qui
622 3866 755 3928 bonitate
775 3861 864 3950 longe
884 3864 1008 3930 inferior
1028 3876 1074 3946 est
1103 3841 1112 3870 ⁸

210 3982 342 4048 CODEX
362 3984 615 4050 CHARTACEUS
637 3986 836 4050 PdeSlNUS
866 3989 937 4051 Nro.
959 3983 1044 4053 1675.
1074 3988 1162 4053 litera
1180 3990 1214 4053 B.
1247 3993 1426 4074 nWytten-

132 4103 240 4167 bachio
258 4105 425 4186 insignitus.
464 4106 512 4168 Ad
536 4125 610 4186 (pros
625 4107 657 4168 in
675 4106 802 4169 Eroticis
817 4107 1044 4170 Narrationibus
1063 4103 1190 4173 accessit

210 4221 342 4287 CODEX
359 4224 672 4288 MEMBRANACEUS
687 4227 885 4289 Punlsluus
907 4231 977 4290 Nro.
999 4227 1084 4290 1671.
1104 4230 1190 4293 litera
1214 4233 1249 4292 d.
1272 4250 1358 4294 ame
1378 4234 1426 4293 in-

134 4340 272 4421 signitus,
291 4361 310 4406 a
329 4345 563 4428 wyttenbachio
584 4346 706 4426 quidem
725 4366 787 4408 non
804 4347 938 4411 collatus.

211 4462 255 4524 lle
268 4461 317 4525 his
334 4471 365 4526 et
382 4457 447 4527 aliis
462 4458 601 4529 subsidiis
617 4466 726 4529 criticis
740 4463 862 4529 uberius
878 4458 997 4531 dicendi
1014 4469 1100 4550 copia
1117 4470 1216 4533 hetin
1232 4471 1423 4551 praelatione

136 4582 175 4645 ad
188 4580 329 4647 uolumen
348 4585 526 4658 secundum,
545 4585 626 4666 quod
644 4585 810 4650 continebit
828 4590 1020 4670 Symposiocee
1034 4589 1217 4667 Quaestione.
1259 4591 1321 4653 llas
1338 4611 1426 4657 meas
