3036 4994
180 211 221 277 60
657 204 993 277 ΠΛΟΥΤΑΡΧΟΥ

258 370 324 457 νβ’.
359 369 546 456 Ἁφθονίας
566 372 600 436 δέ
620 367 889 455 παραδειγμάτων
912 367 1011 450 ούσης
1031 365 1115 455 πρός
1131 392 1167 454 γε
1189 367 1272 454 ύμάς
1291 367 1365 446 τούς
1385 367 1468 454 όμο-

181 471 299 563 χόρους
317 476 375 540 τοῦ
391 471 476 542 θεοῦ
493 479 550 541 καί
567 471 753 551 θιασώτας,
782 468 870 558 ὅμως
888 472 927 539 τό
946 474 1020 559 περὶ
1039 470 1187 556 Κάμμαν
1209 471 1266 538 ούκ
1285 470 1376 552 ἀξιόν
1398 472 1469 537 ἐστι

180 577 241 658 τὴν
258 577 447 657 Γαλατικὴν
466 578 658 666 παρελθεῖν.
699 574 826 658 Ταύτης
840 575 903 664 γάρ
920 573 1176 661 ἐκπρεπεστάτης
1193 577 1252 656 την
1273 575 1353 664 όφιν
1371 598 1467 660 γενο-

178 683 294 766 μένης,
316 679 443 771 Σινάτφ
460 681 495 745 δέ
514 681 559 771 τῷ
575 678 731 770 τετράρχῃ
748 679 969 766 γαμηθείσης,
989 676 1123 765 Σινόριξ
1135 679 1302 765 ἐρασθεὶς,
1322 678 1468 745 δυνατά·

179 807 277 862 τατος
294 785 467 863 Γαλατῶν,
487 782 650 848 ἀπέκτεινε
666 783 723 848 τόν
739 783 898 861 Σίνατον,
915 780 958 859 ῶς
974 778 1046 847 ούτε
1064 781 1254 864 βιάσασθαι
1273 781 1466 868 δυνάμενος,

130 895 154 952 C
181 885 252 952 σύτε
271 890 383 953 πεῖσαι
403 887 463 968 τὴν
482 885 678 974 ἄνθρωπον,
709 884 830 952 έκείνον
848 886 974 966 ζῶντος.
1009 875 1071 950 ’Ἠν
1096 885 1131 950 δέ
1155 884 1338 978 τῇΚάμμη
1362 909 1467 952 κατα·

179 989 267 1075 φυγὴ
286 993 342 1055 καὶ
360 986 563 1075 παραμυθία
581 992 641 1055 τοῦ
658 988 810 1068 πάθους,
837 988 993 1076 ἱερωσύνη
1012 991 1162 1079 πατρῷος
1178 988 1378 1077 Ἀρτέμιδος·
1408 994 1467 1058 καὶ

179 1092 220 1157 τά
233 1092 339 1159 πολλά
354 1091 446 1180 παρά
465 1093 504 1183 τῇ
518 1093 590 1183 θεῶ
602 1094 773 1180 διέτριβεν,
793 1091 910 1160 οὐδένα
922 1094 1130 1182 προσιεμένη,
1149 1095 1322 1178 μνωμένων
1334 1095 1468 1160 πολλῶν

167 1196 339 1281 ,βασιλέων
362 1199 419 1262 καὶ
446 1195 613 1263 δυναστῶν
637 1198 750 1277 αὐτὴν.
806 1198 874 1262 Τοῦ
900 1199 1012 1282 μέντοι
1039 1194 1212 1285 Σινόριγος
1240 1195 1468 1281 τολμήσαντος

176 1299 315 1384 ἐντυχεῖν
333 1302 405 1386 περὶ
420 1296 546 1383 γάμου,
573 1299 632 1378 τόν
648 1303 766 1386 πεῖραν
784 1297 842 1366 ούκ
861 1297 997 1389 ἔφυγεν,
1014 1298 1099 1367 ὀὐδὲ
1121 1301 1289 1390 έμέμφατο
1307 1303 1381 1386 περὶ
1401 1302 1468 1367 τῶν

176 1399 370 1487 γεγονότων,
399 1399 441 1479 ῶς
460 1402 502 1468 δι’
524 1401 653 1467 εύνοιαν
670 1401 772 1482 αὐτῆς
789 1407 847 1469 καί
869 1403 999 1483 πόθον,
1026 1405 1085 1471 ούκ
1104 1404 1186 1496 άλλη
1206 1407 1269 1470 τινί
1286 1403 1466 1495 μοχθηρίᾳ

175 1504 404 1589 προαχθέντος
426 1505 486 1568 τοῦ
514 1500 695 1589 Σινόριγος.
737 1492 835 1569 Ἧκεν
859 1493 918 1570 ούν
944 1505 1118 1584 πιστεύσας
1147 1508 1284 1590 ἐκεῖνος,
1313 1510 1370 1571 καὶ
1395 1505 1467 1598 ᾔτει

176 1606 235 1670 τόν
255 1603 374 1689 γάμον·
404 1603 425 1684 ἡ
451 1604 486 1669 δέ
514 1602 699 1685 ἀπήντησε,
728 1607 786 1670 καὶ
810 1602 1025 1690 δεξιωσαμένη
1052 1611 1109 1672 καὶ
1134 1611 1395 1696 προσαγαγοῦσα
1419 1611 1467 1699 τῶ

127 1713 154 1772 D
177 1707 279 1797 βωμῶ
296 1709 353 1788 τῆς
371 1708 476 1788 θεάς,
505 1705 651 1774 ἔσπεισεν
667 1708 703 1773 έκ
721 1707 843 1797 φιάλης
864 1708 1078 1796 μελίκρατον,
1104 1707 1146 1789 ῶς
1165 1707 1262 1789 ἔοικε,
1289 1696 1468 1799 πεφαρμα-

179 1812 341 1894 κωμένον·
355 1814 358 1821 ’
372 1800 442 1877 εἶτα
467 1807 555 1883 ,όσον
580 1804 681 1895 ἥμισυ
707 1813 806 1899 μέρος
834 1811 916 1894 αύτη
945 1816 1182 1900 προεκπιοῦσα,
1222 1815 1389 1901 παρέδωκε
1419 1817 1468 1906 τῶ

180 1911 315 2005 Γαλάτη
331 1914 369 1981 τό
388 1910 518 1981 λοιπόν·
548 1911 591 1992 ῶς
613 1916 648 1981 δὲ
669 1904 752 1980 εἶδεν
771 1914 996 1996 ἐκπεπωκότα,
1024 1915 1176 2006 λαμπρόν
1194 1914 1387 1997 ἀνωλόλυξε,
1408 1922 1468 1984 καὶ

180 2016 392 2106 φθεγξαμένη
411 2012 557 2105 τούνομα
576 2021 634 2084 τού
652 2019 844 2100 τεθνεῶτος,
875 2018 1020 2102 Ταύτην,
1047 2010 1147 2102 εἶπεν,
1176 2020 1236 2106 έγῶ
1253 2021 1312 2101 τὴν
1328 2019 1468 2108 ἡμέραν,

180 2108 208 2186 ῶ
224 2119 358 2212 φίλτατε
374 2118 451 2209 ἄνερ
461 2170 471 2201 ,
489 2125 720 2211 προσμένουσα
739 2125 801 2190 σοῦ
814 2128 912 2212 χωρὶς
927 2122 1006 2206 ἔζων
1024 2124 1179 2213 ἀνιαρῶς·
1196 2125 1255 2190 νύν
1274 2126 1309 2190 δέ
1327 2122 1469 2208 κόμισαί

179 2247 221 2309 με
238 2223 375 2312 χαίρων·
404 2222 578 2312 ἠμυνάμην
595 2226 658 2316 γάρ
675 2224 754 2317 ύπέρ
773 2229 834 2293 σού
853 2229 911 2293 τόν
928 2227 1081 2295 κάκιστον
1100 2225 1299 2316 ἀνθρώπων,
1329 2229 1384 2291 σοὶ
1402 2233 1469 2309 μέν

177 2327 272 2412 βίον,
287 2327 387 2418 τούτῳ
399 2329 443 2395 ’δέ
457 2327 610 2395 θανάτου
625 2331 779 2409 κοινωνός
793 2329 895 2413 ἡδέως
907 2333 1074 2416 γενομένη.
1116 2328 1158 2397 ‘0
1176 2336 1236 2416 μέν
1252 2316 1310 2396 σύν
1330 2327 1470 2413 Σινόριξ

178 2429 214 2493 έν
232 2429 355 2520 φορείῳ
380 2429 604 2514 κομιζόμενος,
632 2430 720 2514 μετά
740 2423 859 2518 ’μικρόν
881 2433 1094 2514 ἐτελεύτησεν·
1122 2431 1143 2514 ἡ
1167 2435 1203 2500 δὲ
1223 2432 1373 2517 Κάμμα,
1404 2431 1478 2520 τὴνι

128 2543 153 2601 Ε
177 2529 303 2616 ἡμέραν
326 2531 527 2613 ἐπιβιώσασα
542 2535 599 2598 καὶ
614 2532 673 2612 τὴν
687 2531 801 2613 νύκτα,
826 2535 951 2617 λέγεται
965 2534 1058 2619 μάλα
1075 2535 1248 2622 εὐθαρσῶς
1270 2541 1328 2602 καὶ
1345 2537 1469 2622 ἱλαρῶς

67 2674 72 2683 =
180 2629 376 2698 ἀποθανεῖν.
527 2625 541 2638 ”
837 2635 839 2638 ’

257 2746 317 2863 κγί.
352 2744 493 2844 Πολλῶν
511 2778 546 2847 δέ
564 2776 716 2845 τοιούτων
738 2775 917 2863 γεγονότων
939 2780 996 2845 καὶ
1016 2776 1093 2865 παρ’
1108 2776 1191 2861 ημῖν
1212 2781 1270 2844 καί
1287 2779 1379 2866 παρὰ
1397 2789 1473 2862 τοῖς

181 2879 377 2969 βαρβάροις,
396 2880 443 2958 τίς
456 2868 631 2967 ἀνάσχοίτο
649 2875 713 2948 τῶν
731 2883 791 2962 την
806 2881 1006 2973 Ἀφροδίτην
1021 2880 1272 2971 λοιδορούντων,
1291 2880 1470 2972 ῶςἜρωτι

182 2987 393 3073 προσθεμένη
422 2990 479 3052 καὶ
504 2986 657 3071 παρούσα
686 2983 798 3052 κωλύει
827 2984 943 3074 φιλίαν
971 2987 1155 3075 γενέσθαι,·
1197 2986 1265 3067 Τὴν
1292 2993 1352 3071 μὲν
1382 2990 1469 3074 πρὸς

182 3087 305 3178 ἀρῥενα
324 3087 456 3180 ἀρῥενος
474 3085 624 3174 ὁμιλίαν,
654 3089 780 3175 μᾶλλον
801 3090 836 3156 δέ
855 3089 1018 3181 ἀκρασίαν
1036 3093 1093 3156 καί
1111 3086 1303 3170 ἐπιπήδησιν
1317 3090 1402 3156 εἴποι
1417 3116 1467 3170 τις

183 3187 225 3257 ἀν
243 3190 414 3283 ἐννοήσας,
469 3275 472 3281 ¹
1221 3190 1224 3199 '

281 3378 282 3382 ,
366 3313 482 3408 Ὕβρις
499 3315 568 3385 τόδ
590 3317 649 3407 ούχ
666 3317 688 3402 ἡ
706 3317 834 3410 Κύπρις
853 3319 1058 3408 ἐξεργάζεται

182 3443 241 3511 Διό
266 3443 341 3523 τούς
363 3449 424 3529 μέν
448 3444 626 3532 ἡδομένους
651 3449 697 3538 τῷ
720 3447 855 3534 πάσχειν
880 3443 926 3526 εἰς
945 3449 983 3515 τό
1002 3449 1163 3539 χείριστον
1187 3452 1352 3535 τιθέμενοι
1373 3455 1466 3534 γένος

130 3554 155 3612 F
182 3546 314 3640 κακίας,
341 3547 414 3614 οὔτε
431 3547 567 3627 πίστεως
585 3553 726 3638 μοῖραν,
751 3550 822 3618 οὔτε
843 3547 972 3633 αι’δοῶς,
998 3552 1069 3620 οὔτε
1089 3553 1202 3642 φιλίας
1220 3556 1370 3642 νέμομεν,
1393 3552 1463 3621 ἀλλ’

65 3686 67 3690 ν
184 3649 227 3730 ῶς
245 3649 381 3733 ἀληθῶς
400 3653 484 3719 κατά
503 3652 562 3719 τόν
580 3655 773 3744 Σοφοκλέα,

382 3780 491 3847 Φίλων
509 3778 663 3847 τοιούτων
683 3782 793 3868 οἱμὲν
812 3783 1014 3871 ἐστερημένοι

376 3884 575 3971 Χαίρουσιν,
596 3887 628 3951 οἱ
648 3885 676 3948 δ
696 3882 819 3971 ἔχοντες
838 3886 984 3972 εὔχονται
1003 3890 1126 3975 φυγεῖν.

182 4057 434 4073 m

184 4156 217 4216 B.
241 4162 267 4215 λε.
302 4151 461 4231 ὁμοχόρους]
478 4156 636 4232 Wyttenb.
655 4175 670 4214 e
689 4157 803 4216 Schott.
837 4158 933 4235 Vulgo
951 4158 1104 4233 ὁμοχόρους.

176 4249 221 4310 Β.
243 4255 269 4310 5.
303 4249 436 4329 Κάμμαν]
453 4251 584 4326 Xyland.
601 4251 724 4326 Κάμιμαν
741 4253 802 4310 ΒΕ.
821 4252 888 4313 Ald.
908 4253 976 4312 Bas.

186 4344 221 4405 B.
245 4350 270 4402 ό.
305 4341 520 4425 έιπρεπεστάτης]
544 4345 603 4405 ΒΕ.
627 4344 695 4402 Ald.
717 4345 783 4402 Bas.
818 4345 913 4419 Vulgo
930 4342 1130 4420 εύπρεπεοτάτης.

185 4435 222 4495 Β.
245 4445 271 4496 7.
305 4443 332 4494 δέ
350 4441 384 4508 τῷ
399 4437 538 4513 τετράρχῃ]
563 4439 623 4496 ΒΕ.
657 4437 754 4514 Vulgo
771 4443 798 4494 δὲ
815 4439 949 4512 τετράρχην.

186 4529 222 4592 Β.
245 4537 272 4591 8.
306 4533 444 4602 Γαλατῶν]
467 4534 553 4588 omisi
569 4533 619 4588 τῶν
635 4543 701 4589 ante
720 4535 842 4588 Γαλατῶν
859 4550 927 4590 cum
942 4533 1004 4594 BE.
1022 4530 1091 4589 Ald.

186 4626 220 4687 C.
243 4631 269 4685 1.
302 4626 333 4700 τη]
350 4626 463 4699 Κάμμῃ]
486 4628 517 4704 τῇ
535 4631 643 4700 Καμίμη
659 4627 727 4687 Ald.
746 4627 815 4687 Bas,
835 4627 897 4686 BE.
