3036 4994
534 252 537 259 ,
576 175 825 247 aptamus,
1302 186 1341 251 61
1427 126 1436 133 ·

132 340 253 407 xxlt.
294 338 392 424 Cujus
405 340 452 407 rei
465 362 534 406 oum
548 341 897 425 abundeexcmplorutn
911 340 966 417 sit,
985 345 1066 424 apud
1080 364 1156 422 vos,
1177 343 1343 428 Cupidinis

57 446 224 527 populares
244 457 336 530 atque
355 446 510 523 cultores,
535 459 636 512 tamen
656 469 715 531 par
734 459 796 522 est,
821 444 984 520 Gammae,
1005 448 1163 513 Galaticae
1182 449 1342 527 mulieris,

56 548 177 614 facinus
205 550 336 614 referre.
384 552 470 615 Haeo
498 573 568 616 curn
596 564 677 616 esset
705 552 809 617 forma
839 549 1077 628 venustissima,
1110 577 1194 619 uxor
1221 555 1345 631 Sinati,

57 655 199 719 Galatiae
219 655 334 740 reguli,
355 658 492 719 adamata
511 655 571 722 tuit
590 679 609 720 a
628 655 794 741 Sinorige,
815 655 995 719 Galatarum
1012 657 1242 738 potentissimo.
1277 658 1345 743 ,Qui

57 781 147 838 cum,
169 760 280 824 ruarito
301 759 441 837 vivente,
462 783 562 847 neque
581 783 801 841 persuasurum
821 781 854 823 se
875 758 998 823 mulieri
1017 761 1218 839 adulterium,
1242 787 1344 848 neque

57 863 120 927 vim
139 864 256 929 inferre
275 882 368 947 posse
388 866 526 944 videret,
553 866 691 930 Sinatum
712 863 881 929 interfecit.
922 866 1002 927 Erat
1023 864 1169 931 Gammae
1188 868 1344 951 refugium
1452 875 1454 881 '

19 1022 22 1030 .
54 979 87 1031 et
105 970 242 1034 solamen
262 969 463 1046 calamitatis,
489 969 698 1035 sacerdotium
720 969 839 1033 Dianae
860 967 996 1044 avitum,
1022 967 1054 1032 in
1075 969 1165 1052 cujus
1185 974 1260 1035 aede
1278 974 1345 1055 plo-

53 1094 184 1157 rumque
208 1077 481 1152 commorabatur,
509 1073 660 1137 neminem
681 1073 859 1147 admittens,
886 1095 1062 1155 quanquam
1086 1073 1175 1139 multi
1195 1074 1345 1159 ipsamet

52 1191 195 1261 potentes
224 1179 390 1244 ambirent.
437 1177 517 1244 Cum
547 1191 648 1242 autem
676 1177 805 1242 Siuorix
835 1199 926 1241 ausus
952 1190 1034 1243 esset
1063 1200 1130 1242 eam
1160 1183 1199 1244 de
1228 1179 1345 1260 nuptiis

53 1278 228 1366 appellare,
248 1305 311 1347 non
331 1281 537 1368 subterfugit,
556 1305 657 1366 neque
676 1281 798 1346 facinus
811 1281 878 1364 ejus
894 1282 1050 1365 culpavit,
1071 1287 1111 1349 ad
1124 1284 1346 1370 quodscilicet

53 1388 196 1453 nonalia
217 1386 370 1469 pravitas,
400 1390 456 1452 sed
480 1408 570 1452 arnor
595 1386 691 1471 ipsius
720 1397 751 1451 et
782 1385 990 1466 desiderium,
1020 1386 1205 1470 impulisset.
1250 1393 1345 1476 Ergo

53 1492 186 1557 Sinorix
206 1493 302 1555 tideus
324 1491 487 1569 Gammae,
516 1490 602 1556 venit
626 1514 691 1556 earu
717 1491 750 1555 in
776 1489 1005 1555 matrimonium
1025 1492 1168 1574 petitum.
1210 1494 1346 1560 Occurit

55 1595 184 1672 mulier,
204 1599 334 1681 dataque
354 1600 481 1672 dextra,
502 1600 542 1660 ad
560 1619 644 1660 aram
659 1595 779 1662 Dianae
799 1594 954 1660 bominem
975 1598 1116 1662 adduxit.
1154 1599 1205 1664 Ibi
1219 1621 1288 1664 cum
1304 1604 1346 1665 de

56 1702 172 1775 mulso,
193 1705 278 1784 quod
292 1722 412 1764 veneno
434 1700 602 1779 iniecerat,
623 1713 759 1786 epatera
775 1700 954 1777 libavisset,
975 1701 1133 1767 dimidium
1147 1703 1216 1785 ipsa
1229 1703 1344 1782 ebibit,

53 1804 269 1889 reliquumque
290 1803 432 1892 Sinorigi
452 1807 639 1876 ebibendum
658 1805 851 1889 propinavit.
891 1807 1065 1888 Postquam
1090 1809 1227 1872 ebibisse
1246 1809 1344 1887 vidit,

54 1909 116 1972 alte
140 1911 263 1972 sublato
290 1908 427 1991 ejulatn,
455 1911 580 1991 nomine
601 1911 742 1974 maritum
767 1910 941 1972 invocans:
975 1907 1079 1976 Hanc
1106 1933 1187 1994 er,
1217 1912 1343 1999 inquit,

53 2011 387 2103 dicmvpraestolans
400 2011 516 2080 aditur
529 2015 607 2082 siue
621 2026 672 2098 te,
692 2009 718 2078 S
720 2014 816 2078 inate
829 2011 1032 2098 carissime,
1053 2016 1166 2080 uitam
1179 2016 1347 2082 acerbum

55 2113 218 2187 toleravi.
257 2114 363 2183 Nune
381 2140 465 2184 uero
485 2116 600 2184 laetus
620 2139 676 2182 me
696 2116 832 2200 accipe,
854 2113 969 2179 ultum
985 2116 1038 2180 tui
1050 2117 1175 2199 qratia
1194 2117 1345 2186 scelera-

55 2220 234 2286 tissimum
257 2222 377 2286 uirum
386 2270 397 2308 ,
425 2233 532 2308 utque
557 2221 621 2287 tibi
646 2219 756 2305 uitae,
787 2219 841 2284 itu
860 2215 945 2302 leuis
964 2220 1093 2288 mortis
1111 2221 1247 2289 socium
1261 2245 1347 2315 per-

55 2322 203 2389 libenter
220 2325 370 2398 suetuue.
410 2327 460 2389 Ac
475 2325 603 2389 Sinoria
620 2324 743 2409 quidem
757 2324 867 2387 lectica
882 2336 1012 2399 vectus,
1025 2325 1206 2410 paulopost
1219 2327 1347 2393 vivendi

56 2429 148 2492 linem
163 2429 256 2491 lecit:
275 2429 431 2493 Cammam
445 2429 551 2494 ferunt
565 2430 644 2494 diem
659 2429 741 2493 illam
757 2442 941 2511 noctemque
954 2430 1177 2513 supervixisse,
1193 2434 1346 2518 valdeque

58 2535 192 2596 alacrem
214 2546 244 2596 et
264 2535 392 2598 hilarem
414 2533 594 2598 decessisse.

134 2679 265 2742 XXIII.
306 2678 394 2743 Talia
416 2680 508 2744 multa
529 2703 598 2743 cum
619 2679 681 2743 sint
699 2679 781 2743 sacta
803 2692 833 2743 et
846 2685 928 2763 apud
942 2703 1015 2757 uos,
1036 2695 1066 2747 et
1082 2686 1162 2765 apud
1174 2687 1347 2760 barbaros,

58 2783 128 2866 quis
147 2806 201 2848 eos
216 2785 314 2861 ferat,
336 2783 389 2870 qui
404 2786 559 2849 Venerem
575 2785 745 2849 maledictis
760 2784 931 2860 incessunt,
952 2799 1144 2871 negantque,
1165 2811 1231 2852 eam
1245 2790 1346 2854 amori

58 2888 233 2971 adjunctam
263 2911 355 2973 posse
382 2890 533 2954 amicitiae
562 2904 719 2953 auctorem
751 2888 831 2954 lieri.
876 2891 979 2954 Maris
1008 2891 1131 2973 quidem
1163 2913 1232 2953 cum
1261 2912 1348 2954 mare

59 2992 327 3070 consuetudinem,
356 2994 461 3077 potius
481 3015 559 3058 vero
581 2993 845 3075 intemperantiam
871 3008 902 3058 et
923 2993 1100 3075 lasciviam,
1129 2992 1243 3076 aliquis
1269 3014 1346 3058 eon-

60 3098 213 3176 siderans,
233 3099 337 3163 dicere
356 3098 492 3178 possit:⁴

253 3222 338 3292 Nou
359 3222 509 3292 Veneris
530 3221 619 3292 haec
639 3235 721 3292 sunt
741 3242 868 3315 opera,
888 3221 955 3290 scd
972 3220 1142 3293 libidinis.

61 3357 171 3438 Itaque
199 3353 253 3437 qui
278 3374 392 3434 corpus
418 3377 505 3416 suum
530 3353 664 3418 libenter
689 3351 899 3434 prostituunt,
924 3372 979 3414 eos
1004 3352 1138 3416 omnium
1162 3357 1348 3423 deterrimos

63 3482 237 3532 censemus,
267 3455 442 3539 nullamque
469 3455 637 3532 iisdem,
665 3457 777 3520 nullam
798 3455 1021 3533 reverentiam,
1052 3457 1169 3522 nullum
1195 3461 1348 3528 amicitiae

64 3589 151 3630 nsum
173 3562 355 3628 tribuimusa
379 3567 432 3624 sed
454 3584 542 3636 vere,
565 3575 597 3626 ut
617 3574 664 3625 est
684 3565 764 3643 apud
785 3559 997 3641 Sophoclem:

260 3689 363 3757 Tales
383 3690 517 3755 airricus
537 3688 700 3779 quisquis
719 3687 868 3764 amittit,
887 3685 976 3754 solet

257 3792 442 3862 Gaudere:
463 3793 593 3883 quique
611 3789 756 3879 habeut,
777 3795 923 3884 eupiunt
940 3793 1114 3864 amittere.

66 3956 352 3977 ...unauna—uu·-

68 4065 102 4124 C.
123 4072 151 4124 4.
183 4063 319 4135 βαοιλίννν]
344 4059 455 4118 addidit
473 4054 630 4132 Wyllenl).
649 4075 665 4113 e
683 4057 742 4118 ΒΕ.

67 4160 105 4218 D.
127 4164 152 4220 5.
186 4164 362 4230 προσμένουσα
378 4148 427 4209 iod
441 4155 534 4227 χωρὶς]
562 4153 619 4212 ΒΕ.
654 4149 751 4228 Vulgo
768 4151 944 4227 aporpivouooi
962 4175 1010 4210 ooo
1024 4160 1106 4230 χωρὶς.

68 4251 105 4309 s.
128 4255 154 4310 5.
187 4252 233 4319 τὴν
250 4241 313 4330 μὲν]
338 4246 501 4305 addendum
519 4240 564 4302 οὖν
580 4245 627 4302 vel
642 4243 691 4319 quiq
708 4248 836 4320 conjecit
854 4246 1011 4320 Wytteub.

69 4341 105 4400 [i.
129 4349 155 4402 ⁴l.
189 4337 324 4413 ἐννοήσας]
348 4341 472 4414 ὶμβοὴσας
490 4339 584 4395 Turn.
601 4337 639 4398 V.
656 4338 751 4414 Βοῦς.
946 4350 948 4355 ’

70 4433 105 4492 Ε.
128 4440 154 4491 s.
188 4435 237 4499 rte]
261 4432 375 4490 addidit
391 4431 552 4505 Wyuenh.
570 4446 586 4488 e
604 4428 665 4491 ΒΕ.

68 4528 103 4586 F.
129 4534 154 4587 l.
190 4530 288 4597 ceilae]
315 4527 370 4585 BE.
405 4526 507 4603 Vulgo
524 4530 620 4599 φιλίαν.
655 4541 656 4545 ’
