3036 4994
1334 203 1400 269 22⁹-

179 371 208 426 p.
228 356 341 422 58,19.
376 351 558 427 περιμάχητος]
594 352 691 429 Supra
720 372 747 411 c.
773 353 839 416 XX.
868 373 897 429 Ρ.
922 362 973 417 766
997 355 1035 412 D.
1069 356 1290 431 περιμάχητον
1315 355 1393 417 οὖσαν

112 448 155 499 καὶ
173 442 397 518 πολυμνήστευτον.
428 446 509 503 Vide
530 444 682 518 Wytteub.
701 447 737 503 ad
756 447 829 505 Plut.
850 447 886 503 de
906 447 990 505 educ.
1010 466 1093 521 puer.
1114 470 1143 524 Ρ.
1159 457 1175 508 5
1193 452 1232 509 D.
1258 464 1288 510 et
1303 452 1338 509 de
1360 453 1394 514 S.

112 537 155 606 V.
172 537 209 593 N.
227 558 256 613 p.
275 545 326 598 556
342 543 376 601 Β.
409 538 516 599 Baehr.
537 540 574 595 ad
593 541 645 599 vit.
662 539 787 623 Flamin.
805 560 833 615 p.
852 548 910 600 108.
929 571 964 583 -
980 541 1058 598 Tum
1074 544 1105 599 in
1125 543 1193 601 Bas.
1212 545 1395 604 desideratur

113 635 140 686 n
157 642 225 705 post
241 639 299 689 σοι.
931 644 932 649 ’

105 809 107 813 ’
179 800 208 856 Ρ.
226 787 276 849 58,
293 785 336 841 20.
367 776 534 851 Ἱππολόχου]
567 783 627 840 Res
647 802 663 838 a
682 784 781 840 multis
799 785 957 840 memoriae
974 784 1111 861 prodita,
1129 785 1181 843 sed
1202 785 1236 842 de
1256 791 1395 847 amatoris

112 877 230 930 nomine
252 874 431 932 dissentiunt
457 887 603 932 auctores.
641 876 700 948 Qui
723 877 802 931 enim
822 896 838 931 a
858 876 1166 956 Plutarchus-'ocatur
1187 878 1397 955 Hippolochus

114 967 289 1036 Thessalus,
308 969 334 1024 is
354 980 399 1024 est
416 970 580 1025 Pausaniae
598 968 627 1023 II
637 1009 645 1037 ‚
664 977 699 1036 2,
716 976 742 1026 5.
776 969 999 1044 Hippostrotus
1010 954 1032 1032 ,s
1046 969 1199 1027 Polemoni
1220 991 1267 1044 ap.
1287 966 1397 1034 Athen.

112 1059 199 1117 XIII.
218 1080 247 1136 Ρ.
265 1069 314 1121 589
331 1064 368 1120 Α.
388 1062 424 1123 Β.
460 1062 652 1128 Pausanius;
679 1062 778 1121 Schol.
796 1062 951 1136 Aristoph.
971 1063 1008 1121 ad
1024 1063 1101 1123 Plut.
1120 1083 1165 1121 vs.
1186 1069 1245 1124 119.
1279 1065 1399 1122 Aristo-

112 1154 199 1210 nicus
216 1154 263 1211 uel
275 1155 477 1232 Eurylochus.
514 1154 600 1226 Quod
616 1156 751 1211 ultimum
767 1175 875 1212 nomen
892 1159 1019 1213 fortasse
1038 1177 1140 1214 verum
1158 1148 1266 1225 est‚'si
1284 1158 1402 1233 quidem

114 1246 307 1321 Eurylochus
328 1248 510 1304 Larissaeus
528 1260 724 1317 memoratur,
751 1251 801 1324 qui
820 1249 974 1306 Socratem
997 1251 1033 1306 ad
1056 1270 1086 1308 se
1108 1253 1297 1320 invitaverit,
1326 1262 1402 1306 teste

111 1339 201 1415 Diog.
224 1340 326 1401 Laert.
344 1341 389 1407 11,
412 1346 455 1399 25.
490 1339 595 1413 Liban-
620 1343 657 1400 Τ.
683 1343 707 1400 Ι.
736 1362 765 1416 p.
791 1348 841 1401 682
865 1342 898 1400 C.
933 1363 962 1402 ν.
983 1343 1154 1403 Buttmann.
1182 1344 1307 1418 Mythol.
1331 1345 1400 1404 Vol.

110 1431 153 1488 11.
179 1451 207 1506 Ρ.
224 1440 285 1493 219.
319 1430 468 1508 Εὖρύλοχσν
484 1432 529 1501 τὸν
544 1441 658 1492 Λουσιέα
674 1446 817 1493 memorat
834 1436 970 1510 Xenoph.
988 1435 1086 1497 Anah.
1104 1438 1161 1506 IV,
1180 1447 1213 1506 7,
1239 1446 1282 1498 11.

179 1612 209 1667 p.
227 1601 277 1661 58,
294 1601 340 1654 21.
373 1592 448 1651 ὕδατι
464 1599 570 1669 χλωρῷ]
605 1598 723 1655 Versus
746 1607 815 1653 sunt
840 1597 1009 1673 Euripidis,
1034 1617 1108 1676 quos
1129 1604 1173 1656 sic
1192 1597 1279 1657 ail'ert
1296 1558 1398 1663 strab.

113 1684 195 1745 VIII.
211 1706 241 1760 p.
260 1694 319 1747 879.
842 1686 847 1699 ’

476 1805 528 1877 οἶκοι
547 1813 767 1880 περίκλυστον
787 1790 986 1882 προλιποῖιά

478 1899 583 1973 άκρσν
602 1900 781 1970 Κόρινθον

480 1992 548 2065 leode
564 1991 647 2061 ὄχθον
662 1991 736 2049 πάλιν
750 1991 910 2064 Ἀφροδίτας.

110 2106 186 2163 Vide
197 2107 301 2164 Matth.
320 2108 438 2182 Fragm.
457 2109 561 2183 Eurip.
581 2093 612 2183 Ρ.
628 2117 688 2168 883.
722 2109 846 2165 Barues.
865 2111 943 2164 inter
958 2108 1062 2184 fragm.
1080 2109 1301 2182 Bellerophont.
1318 2118 1400 2164 retu-

110 2199 154 2262 lit.
190 2200 327 2259 Cetcr-um
345 2202 414 2259 vIde
431 2201 599 2259 Marianum
616 2202 715 2260 Schol.
733 2204 765 2258 in
785 2201 906 2260 Anthol.
933 2200 996 2258 Pal.
1019 2201 1057 2261 T.
1074 2201 1114 2257 Il.
1137 2221 1168 2276 Ρ.
1182 2208 1248 2271 774,
1266 2205 1308 2259 51.

339 2319 462 2394 χλωρὸν
480 2319 545 2397 ὅπου
564 2320 694 2377 πλατάνων
711 2317 867 2394 αὗτὸῥρυτον
883 2327 908 2383 ῖς
923 2326 1002 2393 μέσον
1016 2316 1102 2394 ὕδωρ

414 2411 490 2471 καλὸν
504 2411 682 2488 πολυκρσὺνων
697 2419 826 2488 ίκπρορίει
843 2410 982 2485 στομάτων.
998 2491 1000 2495 y

140 2592 143 2597 ¹
178 2582 210 2638 p.
227 2568 276 2632 58,
294 2570 338 2624 21.
372 2561 541 2637 προλιπσῦί]
571 2546 737 2638 7προλιποῦσα
753 2564 788 2622 Ε.

177 2733 207 2788 p.
226 2719 274 2784 ss,
292 2719 336 2774 aa.
370 2703 520 2790 σοαπ...]
554 2714 600 2772 na
621 2698 700 2772 eain
716 2733 753 2771 ax
770 2715 807 2772 r..
842 2715 939 2793 uulgo
962 2714 1138 2793 σοπμωω.
1235 2718 1238 2726 ’

177 2883 206 2938 Ρ.
225 2869 274 2932 58,
291 2871 336 2924 23.
371 2863 457 2938 κρύφα
472 2864 489 2898 ’
506 2874 585 2938 μίμων
602 2863 726 2939 στρατὸν]
760 2864 797 2920 In
824 2865 859 2925 B.
882 2865 918 2926 E.
946 2866 1015 2927 Ald.
1039 2867 1147 2924 lacuna
1176 2874 1222 2920 est
1247 2862 1403 2918 literarum

111 2956 305 3032 vigintiduo.
336 2955 494 3029 'Wyttenh
513 2958 629 3030 signum
650 2956 800 3024 defectus,
818 2967 852 3012 ut
868 2955 920 3026 fit,
937 2978 998 3029 non
1015 2979 1069 3016 suo
1090 2961 1158 3029 Ioco
1176 2957 1323 3032 positum,
1348 2969 1404 3028 Ρο-

111 3049 242 3105 nendum
262 3060 332 3123 post
353 3058 461 3127 κοσμίως
484 3049 619 3105 credidit.
655 3048 792 3106 Reisltius
813 3052 942 3124 conjecit
965 3052 1138 3126 άποδράσασα
1155 3047 1244 3123 κράφα
1259 3049 1306 3103 τὸν
1325 3047 1406 3102 ἄλλων

112 3141 178 3207 (vel
195 3140 287 3208 ἄλλον)
312 3143 422 3213 ἐραστῶν
435 3149 516 3214 μίχαν
535 3139 642 3214 στρατὸν
660 3140 736 3212 ᾤχετο
755 3149 790 3205 είς
812 3148 951 3198 Θεσσαλίαν
968 3129 1019 3201 καλΙ
1031 3142 1134 3214 συνῴκει
1156 3143 1222 3210 (vel
1239 3140 1407 3213 συχκατεβίω)

113 3230 181 3302 αὐτῷ
198 3240 313 3305 κσσμ1ως.
348 3231 418 3298 Sed.
430 3233 507 3302 ᾤχετο
531 3244 641 3308 κοσμίοις
663 3239 828 3293 rectissime
847 3234 994 3298 sehabet.
1031 3239 1108 3297 Plut.
1128 3240 1182 3297 uit.
1201 3237 1311 3296 Pericl.
1331 3234 1407 3293 ev:

112 3332 218 3398 ἑσπέρας
239 3326 268 3381 d’
292 3322 387 3401 άπῂει
407 3336 549 3402 κοσμίως
572 3335 657 3386 οἴκαδε
675 3333 936 3403 παρακολουθοῦντος
953 3333 1001 3387 τοῖν
1021 3327 1173 3403 τάνθρώπου.
1210 3329 1308 3405 Supra
1325 3348 1351 3385 c.
1369 3326 1410 3384 X.

111 3440 141 3494 p.
162 3427 211 3478 754
228 3419 263 3479 F.
296 3416 328 3489 ἣν
350 3417 365 3475 ὅ
380 3419 488 3490 Βάκχων
509 3429 572 3486 ἔθος
591 3429 654 3490 εἶχεν
671 3421 751 3479 άπιυλν
768 3430 801 3487 εἰς
818 3431 976 3497 παλαίστραν
993 3455 1026 3467 ·-
1044 3428 1244 3496 παρεξιέναι
1264 3427 1411 3494 κοσμίως·

113 3512 149 3568 de
166 3513 211 3568 ira
229 3510 327 3572 cohib.
345 3533 372 3586 p.
389 3521 439 3572 458
456 3519 496 3576 Α.
530 3513 668 3588 στρατιώτῃ
686 3524 733 3589 μὲν
754 3523 862 3572 Iulianos
881 3517 962 3590 χυμνῇ
985 3517 1016 3589 τῇ
1040 3522 1162 3588 μαχαίρης
1182 3525 1270 3586 θιγεῖν
1286 3515 1332 3569 τοῦ
1348 3535 1413 3586 τρα-

109 3605 190 3676 χηλου
213 3604 305 3678 μόνον,
323 3611 376 3662 εἶτα
396 3615 550 3680 κοσμίως
570 3606 755 3665 ἀπελθεῖν.
790 3611 825 3666 de
844 3628 943 3666 amore
967 3609 1063 3680 prolis
1083 3629 1114 3682 p.
1132 3615 1187 3666 498
1204 3609 1241 3668 F.
1262 3605 1416 3676 αἰσθόμενον

112 3704 140 3754 δὲ
164 3697 202 3754 ὅτι
218 3698 272 3754 κύει
291 3705 334 3754 καὶ
351 3698 529 3773 πεπλήρωται,
548 3711 692 3774 κοσμίως
709 3702 832 3760 άπεισι.
868 3703 903 3760 de
921 3703 1025 3759 solert.
1052 3701 1178 3757 animal.
1198 3699 1418 3776 1191211111.

110 3793 241 3869 Lycurg.
260 3812 286 3849 c.
304 3793 376 3850 XV.
410 3800 518 3865 κοσμίως
533 3794 650 3851 videtur
674 3797 722 3851 hic
747 3807 778 3851 et
799 3797 865 3852 aliis
878 3797 924 3852 in
943 3796 1022 3851 locis
1045 3795 1178 3869 intellig.
1209 3804 1419 3865 attemperate,

117 3902 151 3942 ut·
160 3907 224 3961 Ρσν
242 3901 307 3942 erut
327 3907 368 3943 esc
386 3887 569 3961 composito,
588 3906 616 3944 τ.
637 3888 793 3948 Heindorf.
816 3888 853 3944 ad
873 3888 950 3949 Plat.
970 3887 1112 3961 Sophist.
1131 3906 1165 3961 p.
1185 3892 1250 3946 269.

181 4053 210 4107 Ρ.
229 4040 280 4102 58,
298 4041 339 4093 24.
373 4033 499 4109 στρατίν]
535 4036 643 4094 Athen.
669 4037 754 4094 XIII.
781 4057 813 4112 p.
839 4044 890 4096 588
913 4039 950 4095 Ε.
987 4029 1251 4107 διαζηλοτυπουμένη
1277 4036 1306 4089 δέ
1327 4027 1427 4096 notati

114 4129 181 4188 Aule
200 4125 304 4201 Φρύνῃ,
331 4129 434 4184 πολὺν
454 4132 604 4203 ἔραστῶν
620 4137 721 4202 ἔσχηκεν
736 4129 872 4202 ὅμιλον,
898 4129 932 4187 οὐ
949 4135 1130 4203 διακρίνουσα
1149 4120 1432 4194 vindemiandum»

114 4215 172 4273 oo'd'
191 4217 339 4292 ὑβριστικῶς
354 4219 441 4283 αάτσῖς
454 4231 578 4295 χρωμένη.

178 4386 208 4440 Ρ.
227 4374 275 4434 58,
292 4374 337 4428 25.
370 4375 538 4439 κατέλευσαν]
572 4372 670 4429 Aliter
696 4372 818 4428 Polemo
845 4392 895 4446 ap.
922 4371 1040 4427 Athen.
1057 4331 1166 4428 Ι11111.
1198 4384 1229 4440 Ρ.
1254 4368 1304 4422 589
1329 4362 1369 4423 Α.
1403 4364 1439 4423 B.

111 4456 176 4515 κατά
193 4457 295 4532 φθάνον
314 4466 357 4517 καὶ
376 4467 511 4535 δυσζηλίαν
527 4476 607 4529 ταῖς
627 4470 793 4530 ξυλίναις
813 4465 998 4534 χελώναις
1016 4466 1255 4532 τυπτομένην
1276 4460 1311 4511 ὲν
1328 4452 1443 4529 Ἀφρο·

110 4544 212 4620 ‘litiis
234 4555 320 4627 ἱερεῖ..
355 4555 396 4612 διὰ
415 4556 506 4614 καὶτὸ
527 4565 630 4631 τέμενος
650 4559 781 4629 κληθῆναι
801 4555 966 4616 άνοσίας
982 4550 1225 4625 Ἀφροδίτης.
1260 4546 1333 4608 coll.
1352 4547 1444 4605 Phot.
