3036 4994
134 204 193 265 188

128 358 181 435 qni
203 354 239 415 de
256 354 378 413 Euboea
402 354 532 429 scripsit.
567 352 746 431 Harpocrnt.
775 374 802 431 p.
824 359 875 422 33,
902 360 927 412 t.
963 352 1033 412 Blds.
1048 351 1235 429 Ἀργονρα·
1267 348 1431 423 ’Δημοοθλιιι

131 450 197 508 aar&
216 454 336 507 Μειδλου.
370 456 422 505 ἔστι
439 452 466 502 δὲ
482 445 554 511 πόλις
571 450 616 518 τῆς
631 447 746 521 Εὖβοίας
760 455 786 504 ἓν
800 449 833 524 τῇ
849 441 988 522 Χαλκιδαῇ
1007 455 1121 521 κειμένη,
1137 443 1171 512 ὥς
1190 445 1431 520 Ἀριστοτέλης

130 540 145 604 ὅ
165 543 352 606 Χαλκιδεὺς
372 549 405 598 ἐν
426 542 465 610 τῷ
485 548 559 615 περὶ
573 537 723 612 Εὖβοίας.
756 541 897 617 Ejusdem
914 542 1046 598 meminit
1062 538 1287 614 8ο3ο1.ΑροΠ,
1301 536 1430 601 Rhodl.

130 648 202 698 sect.
225 642 270 697 33.

197 806 227 870 p.
246 793 295 855 38,
313 792 342 851 d·
376 779 460 861 φησι]
494 789 556 857 φησὶ
575 784 608 845 Β.

190 957 225 1013 p.
246 944 295 1007 38,
312 940 339 995 5.
376 934 491 1009 θρᾲκης]
529 934 632 1009 θρᾶνης
648 934 684 994 Β.
701 934 736 992 Ε.
762 934 831 991 Ald.
849 933 917 993 Bas.
939 932 986 993 ed.
1003 930 1159 1006 Wyllenb.

196 1105 227 1161 p.
247 1092 295 1151 38.
313 1092 340 1149 3.
374 1081 501 1147 ιλιιαῖδει
524 1087 602 1158 etc]
635 1082 673 1139 ln
698 1084 745 1140 his
771 1081 906 1141 versibus
934 1081 1150 1159 distinguendis
1178 1090 1210 1139 et
1239 1080 1459 1147 emendandis:

130 1178 310 1237 Meinekium
335 1187 453 1233 secutus
477 1195 542 1235 sum
567 1174 604 1232 ad
625 1174 827 1250 Euphorionis
855 1175 973 1251 Fragm.
1000 1196 1030 1250 p.
1049 1184 1090 1235 tlt.
1126 1174 1227 1250 Vulgo
1254 1176 1344 1233 enim
1369 1178 1433 1235 naec

131 1274 176 1329 sic
196 1270 373 1339 edebantur,
401 1281 436 1329 ut
452 1271 540 1326 metri
559 1287 596 1325 ne
615 1281 757 1343 pertenue
776 1269 894 1344 quidem
916 1271 1073 1343 vestigium
1092 1278 1278 1342 appareretr
1311 1264 1434 1330 ὄπαῑδιι

130 1368 160 1420 ολ
174 1370 285 1435 χαρίτων
306 1387 334 1419 τε
356 1370 399 1418 ναὶ
416 1370 529 1435 πατέρων
548 1360 690 1429 λλιλχετι
713 1363 832 1431 ἐσθλῶν,
861 1361 895 1434 μὴ
917 1371 1092 1433 φθονεῖτε
1113 1360 1184 1434 ὅραι
1204 1359 1363 1432 ιλγαθοῖοιν
1383 1356 1435 1432 ὅμι-

129 1464 202 1513 λλιιν·
230 1454 276 1509 σὺν
294 1455 344 1527 γὰρ
366 1454 467 1528 ἄνδριλρ
489 1459 532 1513 ναὶ
553 1449 568 1507 ὃ
589 1453 721 1524 λυσιμελὴς
740 1453 820 1528 Ἔρως
844 1461 885 1510 ἐπὶ
905 1459 1052 1511 Χαλκιδέων
1073 1453 1166 1511 θάλλει
1187 1451 1308 1511 πὸλιοιν.
1343 1454 1435 1511 Pauca

130 1556 240 1602 mutata
261 1556 330 1601 sunt
355 1564 422 1607 cum
445 1544 608 1610 Mainalia,
631 1542 713 1612 λάχετ’
737 1557 766 1601 et
787 1544 923 1618 φθονεῖθ’.
955 1548 1117 1623 Aliquanto
1141 1545 1295 1604 audacior
1319 1558 1368 1605 est
1384 1547 1437 1606 ΤΙι.

131 1637 249 1711 Bergkii
268 1641 346 1694 ratio
363 1639 395 1693 in
411 1639 610 1697 Anacreontis
632 1636 747 1713 lleliqq.
769 1657 800 1713 p.
822 1644 885 1698 203.
907 1642 951 1695 sic
969 1641 1042 1696 haec
1063 1639 1277 1697 emendantis:

331 1752 353 1810 ιλ
368 1757 472 1822 παῖδες,
492 1752 566 1809 ὅσοι
584 1760 696 1828 γαρλιων
712 1778 740 1812 ce
762 1760 805 1811 nul
820 1763 936 1830 πατέρων
957 1752 1060 1824 λάχετ’
1078 1756 1181 1813 ἰοθλῶν

330 1845 365 1917 μὴ
384 1845 544 1919 φθονεῖθ’
565 1846 631 1922 ὥρας
648 1846 785 1925 ἀγαθοῖσιν
804 1846 949 1920 ὁμιλεῖν·

332 1939 378 1996 σὺν
392 1940 441 2016 γὰρ
461 1937 564 2013 ἆνδρελςι
579 1947 623 1997 καὶ
639 1939 653 1997 ὅ
669 1939 800 2014 λυσιμελὴς
815 1941 896 2016 Ἔρως
913 1946 954 1998 ἐπὶ
969 1948 1116 2000 Χαλκιδέων
1132 1942 1233 2002 θάλλει
1246 1942 1356 2001 πόλισιν.

128 2068 162 2115 ut
181 2059 216 2130 μὴ
235 2068 354 2130 φθονεῖτε
371 2060 484 2136 duplici
502 2061 590 2126 modo
613 2061 818 2126 constructum
837 2063 893 2132 sit,
921 2072 951 2118 et
975 2081 1041 2120 cum
1060 2063 1194 2138 genitivo
1218 2059 1294 2136 εἶρος
1313 2074 1345 2123 et
1368 2079 1436 2119 enm

130 2150 278 2218 infinitivo
296 2151 398 2227 ὁμιλεῖν.

195 2323 225 2378 p.
245 2311 292 2372 38,
311 2313 337 2367 8.
369 2310 480 2379 χαρλιων
495 2309 539 2372 τε]
573 2311 684 2379 topiros
699 2310 727 2361 cl
743 2304 782 2366 Β.
799 2305 835 2365 Ε.

196 2471 226 2526 p.
246 2459 293 2520 33,
313 2461 340 2510 3.
373 2458 499 2526 πατέρων]
535 2452 673 2528 Explicat
690 2452 818 2510 Meiuelc.
836 2453 856 2513 l.
873 2472 901 2510 c.
915 2466 1086 2528 parantum.
1121 2450 1198 2512 Plat.
1218 2452 1264 2511 de
1284 2452 1365 2531 legg.
1381 2452 1431 2512 vt.

130 2562 161 2618 p.
179 2548 229 2601 77³
247 2543 284 2602 A.
311 2539 332 2597 α’
350 2532 513 2610 παῖτολνον,
532 2544 627 2614 φῶμεν,
648 2541 784 2614 ἀγαθῶν
800 2550 950 2617 πατέρων
966 2530 1133 2616 plumata
1146 2546 1221 2620 παρὰ
1239 2557 1303 2612 τοῖς
1319 2556 1435 2623 ἔμφροσιν
1484 2594 1487 2605 .

132 2633 250 2696 εὐδόξους
266 2633 362 2705 γάμους
385 2635 435 2709 χρὴ
457 2644 556 2709 γαμεῖν.
591 2652 621 2691 v.
645 2634 678 2693 C.
696 2633 748 2694 Fr.
766 2632 928 2690 Hermann.
953 2635 1039 2708 Spec.
1062 2635 1174 2695 Connn.
1198 2635 1282 2699 Crit.
1309 2641 1344 2695 in
1364 2639 1436 2698 Plut.
1483 2608 1487 2645 Ι

132 2727 168 2783 de
191 2737 317 2800 superat.
342 2725 410 2783 libr.
437 2747 466 2801 p.
487 2734 531 2785 31.
566 2725 728 2791 Burmann.
755 2725 842 2784 Ovid.
867 2725 985 2789 Metam.
1011 2727 1062 2786 IV.
1090 2747 1135 2789 vs.
1153 2736 1198 2788 61.
1226 2730 1348 2805 ἀδελφοὶ
1373 2741 1437 2788 aunt

125 2823 231 2891 fram
249 2836 275 2875 et
292 2838 382 2876 soror
399 2838 448 2895 ap.
466 2818 542 2874 Plut.
562 2820 613 2877 vit.
633 2818 724 2875 Thes.
742 2838 767 2876 c.
780 2817 853 2877 Vll.
888 2818 1026 2895 Xenoph.
1046 2820 1156 2896 Cyrop.
1176 2822 1240 2891 111,
1262 2818 1300 2893 1,
1319 2818 1350 2886 7.
1365 2836 1436 2900 μασι-

131 2920 197 2981 λιῑς,
224 2924 256 2971 ut
276 2913 396 2969 Latinis
413 2930 514 2983 reges,
533 2930 591 2964 ren·
608 2925 635 2965 et
652 2911 759 2982 regino
777 2920 806 2966 et
829 2928 916 2984 saepe
937 2925 1000 2966 tota
1020 2913 1107 2984 regio
1124 2914 1256 2983 domem
1288 2936 1321 2978 v.
1339 2919 1435 2977 Bentl.

132 3002 168 3060 ad
185 3005 289 3069 Horat.
309 3003 370 3067 Sat.
388 3003 417 3070 Ι,
438 3011 468 3070 1,
488 3008 548 3069 100,
584 3003 718 3062 Gronov.
738 3004 774 3060 ad
791 3003 861 3062 Liv.
875 3004 904 3071 Ἰ,
923 3011 965 3062 39.
990 3004 1092 3072 Herm.
1112 3009 1148 3065 ad
1167 3008 1266 3083 Soph.
1288 3013 1432 3072 Trachin.
1482 3014 1485 3035 '

115 3100 180 3156 as.
203 3101 264 3156 315.
298 3097 384 3156 Held.
410 3094 446 3151 ad
467 3095 544 3154 Plut.
573 3097 681 3156 Aemll.
701 3096 785 3158 Paul.
811 3115 836 3153 c.
856 3096 985 3158 XXVII.
1012 3110 1041 3155 et
1059 3098 1143 3156 Caes.
1168 3100 1205 3161 B.
1223 3102 1263 3167 G.
1291 3106 1360 3177 111,
1380 3115 1435 3175 101.

134 3186 248 3263 Pfluglc.
267 3188 305 3244 ad
324 3188 397 3247 Eur.
419 3187 561 3252 Medus.
580 3192 641 3248 153.
658 3210 688 3264 p.
706 3194 752 3250 40.
787 3189 938 3261 Schaeler.
956 3191 1028 3251 Mel.
1049 3192 1124 3251 Crit.
1142 3213 1171 3268 p.
1190 3199 1238 3262 ⁴5.

199 3355 229 3410 p.
249 3344 296 3403 ss,
315 3341 359 3397 ιο.
393 3334 512 3412 ἀνδρεία]
546 3334 637 3412 ἄνομα
653 3336 685 3395 Β.
700 3337 736 3397 n.
771 3334 863 3411 ανοριι
878 3339 947 3402 Ale.
965 3341 1034 3401 nas.

200 3502 231 3557 p,
251 3488 299 3557 38,
318 3489 361 3543 13.
396 3480 559 3558 ὁλαοιμελὴι
571 3481 671 3558 Ἔρως]
704 3485 827 3544 Hesiod.
849 3487 963 3562 Theog.
982 3506 1027 3553 vs.
1045 3492 1106 3546 91⁰.
1125 3495 1168 3551 ll.

368 3602 420 3661 cair
435 3609 478 3658 rai
494 3600 546 3665 dud
561 3602 693 3678 βλεφάρων
710 3611 725 3662 i
730 3627 745 3679 ρ
755 3628 794 3669 ος
810 3612 889 3677 εἴβετο
907 3604 1077 3680 δερκομενάων

369 3696 574 3769 λυσιμελής

135 3809 246 3886 Sapph.
264 3812 313 3874 Fr.
331 3812 491 3871 xxxvn.
509 3834 540 3888 p.
558 3823 601 3876 59.
621 3816 703 3874 Neue

365 3929 456 4006 Ἔρος
474 3931 501 3988 δ’
521 3933 585 3990 αὖτέ
597 3932 623 4007 μ’
642 3931 656 3991 ὅ
672 3937 847 4015 λυσιμελὴς
865 3940 939 3995 δονεῖ.
1014 3928 1017 3933 ¹

200 4089 297 4156 Ῑ).38,
318 4090 360 4142 11.
396 4089 438 4140 tat
452 4088 598 4140 Χαλκιδέων
614 4083 730 4154 πόλισιν]
763 4087 844 4145 Vidn
861 4088 1038 4164 Bernhardy
1057 4091 1141 4165 Synt.
1161 4110 1192 4167 p.
1211 4101 1278 4158 249.

200 4252 230 4309 p.
247 4241 296 4302 38,
315 4239 357 4299 lt.
392 4233 499 4310 θάλλει]
542 4233 625 4291 κάλλει
649 4235 718 4297 An.
744 4235 815 4298 Bas.
850 4239 929 4314 quod
954 4242 1068 4315 primns
1101 4244 1232 4303 correxit
1262 4244 1438 4321 Xylander.

133 4323 270 4383 llcislzins
288 4327 385 4386 attulit
400 4327 493 4387 Hadr.
513 4326 595 4389 lunii
614 4327 773 4399 Animadv.
794 4335 825 4399 3,
844 4339 870 4391 7.

205 4511 234 4565 p.
254 4500 302 4561 33,
322 4501 365 4554 12.
395 4493 510 4563 Ἄντων]
542 4483 640 4556 Ἀἶνον
665 4494 699 4550 Ε.
725 4505 754 4551 et
776 4505 844 4568 post
869 4487 986 4560 olnam
1012 4507 1041 4552 et
1064 4508 1127 4555 tum
1152 4490 1303 4575 Παμμένης.
1332 4519 1367 4564 et
1394 4510 1436 4565 sic
1486 4510 1490 4561 l

136 4582 243 4660 ubique
265 4588 326 4641 lere
343 4588 375 4643 in
391 4589 448 4645 hoc
464 4588 542 4646 libro
556 4588 725 4651 nominibus
740 4592 837 4648 iuinus
851 4596 930 4651 nous
946 4592 1089 4669 virgulam
1105 4597 1275 4670 impositam
1288 4600 1437 4658 ridemus.

1487 4678 1516 4913 l
