3036 4994
147 218 187 282 78
545 206 548 211 ’
630 206 962 282 ΠΛΟΥΤΑΡΧΟΥ

143 371 319 457 μίμνησκε·
358 367 432 448 τούς
458 395 492 437 τε
523 371 625 450 θεοὺς
655 367 921 451 ἐπικαλεσάμενος
933 416 943 447 ,
975 366 1078 457 ῥίπτει
1107 368 1222 434 ἑαυτὸν
1250 368 1332 433 κατά
1366 368 1432 432 τοῖν

143 477 273 560 πετρῶν.
313 473 392 539 Μετ’
421 473 460 539 ού
484 478 569 542 πολύ
588 477 622 542 δὲ
642 472 759 557 αὐχμὸς
778 474 834 534 καὶ
855 471 969 553 λοιμὸς
991 469 1213 554 κατελάμβανε
1232 471 1290 552 τήν
1310 470 1428 536 πόλιν·

96 585 118 642 Β
145 578 200 641 καλ
221 576 285 640 τῶν
306 578 504 667 Κορινθίων
522 583 596 667 περὶ
617 575 806 654 άπαλλαχής
825 577 1013 657 χρωμένων,
1043 574 1060 638 ό
1081 575 1163 651 θεὸς
1185 574 1305 652 ἀνεῖλε,
1328 575 1430 656 μήνιν

142 668 226 744 εἶναι
249 682 474 761 Ποσειδῶνος,
507 681 563 746 ούκ
583 676 781 756 άνήσοντος,
811 676 869 753 έως
898 673 940 740 άν
965 678 1022 741 τὸν
1048 675 1243 754 Ἀκταίωνος
1272 677 1430 740 θάνατον

141 785 342 864 μετέλθοιεν.
394 788 501 851 ’λάύτα
526 777 712 861 πυθόμενος
735 777 889 865 Ἀρχίας,
919 778 1016 856 αὐτὸς
1038 781 1102 866 γάρ
1129 782 1258 866 θεωρός
1286 769 1345 858 ήν,
1385 777 1431 857 εἰς

141 891 202 968 μέν
221 889 281 968 τήν
299 887 473 974 Κόρινθον
495 881 571 946 indm
591 879 648 945 ούκ
670 882 857 962 ἐπανῆλθε,
886 881 1027 959 πλεύσας
1053 882 1083 947 δ’
1112 879 1158 960 εἰς
1177 885 1234 962 τήν
1255 883 1429 962 Σικελίαν,

142 991 358 1076 Συρακούσας
385 989 499 1053 ἔκτισε·
528 987 646 1072 ’πατήρ
672 987 705 1050 δὲ
730 986 900 1070 γενόμενος
926 987 1073 1050 ἐνταῦθα
1102 988 1292 1073 θυγατέροιν
1321 987 1426 1062 δυεῖν,

139 1091 308 1182 Ὀρτυγίας
332 1115 365 1155 τε
387 1091 443 1152 καὶ
464 1086 697 1171 Συρακούσης,
734 1085 796 1152 ύπό
828 1090 886 1151 τού
920 1089 1070 1174 Τηλέφου
1099 1088 1352 1175 δολοφονεῖται,
1389 1085 1425 1166 δς

143 1197 280 1284 ε’γεγόνει
307 1197 367 1289 μέν
394 1186 494 1254 αὐτοῦ
520 1190 679 1271 παιδικά,
717 1191 794 1268 νεώς
820 1191 855 1256 δέ
881 1187 1105 1278 ἀφηγούμενος
1134 1192 1344 1257 συνέπλευσεν
1382 1187 1428 1268 είς

143 1298 301 1368 Σικελίαν.
718 1298 721 1309 ’

752 1440 794 1506 Γ.

211 1561 309 1651 Ἀνήρ
328 1565 444 1646 πένης,
464 1566 632 1643 Σκέδασος
647 1564 808 1649 τούνομα,
827 1562 962 1654 κατῴκει
975 1564 1140 1650 Λεῦκτρα·
1160 1562 1230 1628 ἔστι
1249 1565 1283 1628 δὲ
1301 1564 1427 1646 κώμιον

137 1665 193 1744 τής
210 1667 274 1729 τῶν
298 1665 461 1732 Θεσπιέων
478 1667 602 1757 χώρας·
628 1666 729 1756 τούτῳ
755 1668 934 1752 θυγατέρες
950 1665 1097 1749 γίνονται
1128 1664 1204 1730 δύο·
1244 1669 1425 1732 ἐκαλοῦντο

96 1775 110 1831 3
137 1768 172 1831 δι’
187 1766 283 1832 Ἱππόι
300 1773 357 1832 καὶ
377 1771 542 1849 Μιλητία,
568 1767 606 1849 ή,
632 1764 674 1845 ύίς
693 1791 791 1848 τινες,
814 1768 924 1832 Θεανώ
943 1772 999 1832 καὶ
1019 1766 1186 1847 Εὐξίππη·
1227 1757 1267 1846 ήν
1288 1772 1322 1833 δέ
1344 1795 1423 1856 χρη-

136 1869 213 1946 στὸς
232 1868 251 1934 ὁ
272 1873 439 1950 Σκέδασος
457 1877 515 1939 καὶ
534 1877 600 1949 τοῖς
620 1873 720 1953 ξένοις
738 1870 931 1952 ἐπιτήδειος,
952 1871 1068 1957 καίπερ
1089 1869 1127 1935 ού
1145 1872 1250 1936 πολλὰ
1270 1878 1424 1956 κεκτημέ-

134 1994 201 2050 νος.
238 1971 473 2061 Ἀφικομένους
492 1965 549 2041 σύν
568 1977 650 2065 πρὸς
670 1975 769 2040 αὐτὸν
788 1974 845 2040 δύο
866 1971 1077 2061 Σπαρτιάτας
1095 1975 1225 2050 νεανίας
1245 1974 1422 2054 ὑπεδέξατο
1458 2060 1461 2065 .

135 2077 335 2164 προθύμως·
374 2082 407 2145 οἱ
433 2080 468 2145 δὲ
493 2081 556 2144 τῶν
581 2081 759 2165 παρθένων
786 2075 980 2160 ἡττώμενοι,
1019 2075 1226 2142 διεκωλύοντο
1254 2081 1335 2164 πρός
1365 2083 1424 2158 τήν

135 2182 261 2266 τόλμαν
281 2182 345 2249 ύπό
365 2186 422 2262 τής
441 2185 500 2247 τού
521 2180 690 2247 Σκεδάσου
707 2179 932 2267 χρηστότητος.
976 2180 1025 2268 Τῄ
1045 2177 1075 2242 δ’
1098 2179 1252 2268 ύστεραίφ
1272 2173 1436 2247 Πυθώδε

136 2283 297 2376 άπῄεσαν·
318 2281 398 2366 αύτη
417 2285 480 2371 γὰρ
502 2283 611 2360 αὐτοῖς
628 2283 796 2368 προύκειτο
816 2283 837 2362 ή
862 2281 951 2360 ὁδός·
979 2278 1098 2372 καὶτῷ
1118 2283 1189 2371 θεῷ
1207 2283 1423 2368 χρησάμενοι,

135 2389 208 2471 περὶ
227 2379 271 2450 ὧν
289 2388 429 2466 ἐδέοντο,
449 2385 548 2452 πάλιν
566 2385 748 2477 ἐπανῄεσαν
768 2385 894 2464 οἴκαδε,
914 2389 969 2448 καὶ
987 2388 1162 2472 χωροῦντες
1177 2387 1231 2449 διά
1244 2387 1297 2463 τής
1311 2386 1421 2449 Βοιω-

134 2484 225 2572 τίας,
254 2488 434 2567 ἐπέστησαν
458 2488 557 2568 πάλιν
584 2491 622 2576 τῄ
647 2488 705 2549 τοῦ
723 2486 891 2549 Σκεδάσου
913 2482 1010 2574 οἰκίφ.
1045 2487 1082 2550 ‘0
1107 2488 1142 2551 δέ
1169 2480 1335 2572 ἐτύγχανεν
1360 2489 1420 2553 ούκ

96 2601 109 2655 )
134 2586 296 2671 ἐπιδημῶν
318 2592 385 2664 τοῖς
406 2587 598 2673 Λεύκτροις,
633 2585 703 2650 ἀλλ’
733 2589 769 2649 αἱ
797 2587 975 2670 θυγατέρες
1003 2585 1103 2650 αὐτοῦ
1137 2587 1202 2652 ύττό
1235 2591 1293 2667 τής
1324 2592 1421 2670 συνή-

135 2691 222 2766 θους
253 2687 378 2774 άγωγής
404 2689 477 2764 τούς
508 2678 619 2767 ξένους
637 2683 837 2764 ὑπεδέξαντο.
887 2683 926 2750 Οἱ
952 2687 987 2751 δέ
1014 2689 1253 2772 καταλαβόντες
1282 2691 1420 2778 ἐρήμους

135 2792 195 2871 τάς
209 2793 324 2880 κόρας,
342 2788 524 2874 βιάζονται·
546 2788 681 2876 ὁρῶντες
697 2789 732 2855 δὲ
750 2785 849 2864 αύτάς
868 2786 948 2852 καθ’
967 2786 1147 2876 ὑπερβολήν
1163 2794 1202 2882 τῄ
1217 2787 1310 2880 ύβρει
1324 2801 1419 2882 χαλε-

136 2897 316 2973 παινούσας
324 2893 519 2972 ἀπέκτειναν,
532 2896 589 2956 καὶ
597 2891 789 2976 ἐμβαλόντες
799 2890 831 2970 ές
843 2915 873 2956 τι
884 2894 989 2980 φρέαρ
1004 2893 1247 2979 ἀπηλλάγησαν.
1263 2896 1418 2965 Ἐπανελ-

136 3004 212 3069 θιύν
225 3003 259 3069 δὲ
271 3001 290 3065 ό
303 2997 470 3075 Σκέδασος
485 2995 542 3072 τάς
555 3001 615 3080 μέν
626 2995 728 3083 κόρας
738 2994 797 3081 ούχ
809 2994 908 3084 εἰύρα,
927 2995 1034 3061 πάντα
1050 2997 1084 3061 δέ
1097 2996 1138 3060 τά
1149 2989 1418 3088 καταλειφθέντα

136 3103 272 3192 εὑρίσκει
292 3102 382 3179 σῶα,
402 3102 521 3189 καὶτῷ
539 3098 706 3189 πράγματι
723 3098 853 3187 ἠπόρει,
874 3100 932 3175 ἕως
947 3102 1003 3180 τῆς
1016 3100 1111 3176 κυνός
1126 3102 1341 3197 κνυζωμένης,
1363 3113 1417 3172 καὶ

137 3203 291 3279 πολλάκις
312 3209 371 3287 μέν
393 3201 652 3291 προστρεχούσης
674 3202 755 3290 πρός
775 3201 890 3289 αὐτόν,
917 3201 982 3266 ἀπό
1004 3203 1038 3268 δέ
1058 3201 1157 3268 ιιύτού
1180 3201 1225 3282 εἰς
1248 3208 1285 3271 τὸ
1306 3211 1414 3296 φρέαρ

136 3306 345 3388 ἐπανιούσης,
381 3307 522 3385 εἴκασεν,
558 3301 636 3392 ὅπερ
657 3296 715 3385 ήν,
747 3310 803 3371 καὶ
824 3307 887 3371 τῶν
911 3307 1103 3394 θυγατέρων
1124 3308 1164 3371 τά
1186 3309 1283 3396 νεκρά
1316 3307 1417 3389 οὕτως

107 3407 325 3495 ’ἀνιμήσατο
372 3409 573 3494 Πυθόμενος
600 3410 634 3474 δέ
663 3409 755 3494 παρά
781 3411 843 3473 τῶν
865 3407 1033 3490 γειτόνων,
1067 3406 1116 3475 ὅτι
1141 3410 1241 3475 ἴδοιεν
1268 3415 1306 3503 τῇ
1333 3419 1417 3498 χθές

96 3527 108 3582 ι
133 3513 237 3604 ήμέρφ
257 3515 329 3592 τούς
348 3518 404 3578 καὶ
422 3511 534 3601 πρώην
551 3513 778 3596 καταχθέντας
797 3510 842 3576 ἐπ’
867 3512 982 3589 αύτούς
994 3514 1275 3596 Λακεδαιμονίους
1296 3513 1415 3583 εἰσιόν-

132 3641 206 3696 τας,
240 3617 430 3699 συνεβάλετο
456 3615 514 3696 τήν
532 3613 648 3702 πρᾶξιν
670 3615 808 3694 ἐκείνων,
839 3610 889 3680 ότι
907 3619 963 3681 καὶ
982 3614 1093 3705 πρώην
1117 3621 1252 3702 συνεχῶς
1275 3619 1415 3710 ἐπῄνουν

133 3721 191 3797 τὰς
215 3719 331 3807 κόρας,
355 3719 588 3803 μακαρίζοντες
611 3718 684 3793 τούς
706 3717 922 3802 γαμήσοντας.
964 3715 1075 3811 ’ᾼπῄει
1100 3714 1145 3796 εἰς
1162 3722 1414 3805 Λακεδαίμονα,

133 3827 200 3901 τοῖς
213 3820 367 3912 Ἐφόροις
385 3820 616 3904 ἐντευξόμενος·
635 3819 804 3905 γενόμενος
820 3821 854 3886 δὲ
874 3821 908 3885 έν
922 3821 962 3912 τῇ
979 3819 1150 3912 Ἀργολικῇ
1154 3870 1163 3901 ,
1182 3824 1295 3901 νυκτός
1314 3848 1415 3890 κατα-

131 3925 395 4015 λαμβανούσης,
418 3919 463 4000 είς
492 3921 684 3989 πανδοκεῖόν
716 3948 747 3988 τι
778 3923 951 4008 κατήχθη·
990 3924 1073 3988 κατά
1103 3928 1140 3990 τό
1174 3925 1252 3992 αύτύ
1286 3929 1323 3992 δέ
1344 3938 1412 3998 καὶ.

129 4266 167 4323 Α.
190 4270 216 4322 8.
251 4263 351 4338 λοιμός]
373 4250 461 4336 λ”ιμός
478 4267 511 4324 E.
531 4269 636 4342 inquo
655 4291 670 4322 σ
687 4286 704 4322 a
720 4277 830 4325 recent.
848 4287 935 4325 manu
951 4271 1066 4327 videtur
1086 4291 1161 4332 esse.

131 4355 165 4412 B.
189 4362 214 4413 5.
250 4349 340 4431 ἔκτισε]
364 4357 519 4431 Wyttenb.
541 4367 647 4425 ἔκτισεν,
664 4369 696 4414 ut
714 4371 759 4416 est
778 4362 809 4416 in
825 4361 889 4421 Ald.
907 4363 975 4420 Bas.
993 4354 995 4359 ¹
1012 4364 1070 4422 Sed
1090 4373 1167 4423 ῖκτισε
1183 4377 1303 4424 tuentur
1324 4371 1406 4428 ABE

130 4447 164 4504 Β.
189 4448 229 4505 ib.
253 4443 339 4520 δυεῖν]
357 4456 426 4506 δυοῖν
443 4451 479 4510 Β.
500 4452 570 4512 Bas.
621 4457 623 4461 ’

130 4540 164 4598 Β.
188 4548 213 4598 6.
249 4544 423 4613 Συρακούσης]
449 4547 476 4600 Α
501 4547 628 4620 (inquo
653 4546 774 4602 alterum
798 4554 959 4621 cerasum)
979 4548 1039 4609 BE.
1062 4551 1162 4610 Petav.
1198 4552 1298 4628 Vulgo
1318 4561 1412 4628 Συρα-

278 4657 394 4705 κονσσης.
