3036 4994
355 862 1156 1012 PLUTARCHI

209 1052 1309 1290 nmurourusuruun

589 1447 905 1472 ψ

188 1646 217 1710 Ι.
259 1638 537 1709 FLAVIANUS.
576 1638 613 1702 In
626 1636 781 1701 Helicone
794 1633 851 1715 ais,
867 1633 1047 1713 Autobulo,
1061 1654 1224 1703 sermones
1237 1639 1276 1704 de
1290 1638 1411 1706 Amore

109 1748 207 1814 luisse
222 1745 365 1822 habitos,
385 1764 467 1828 quos
486 1742 537 1808 vel
557 1741 758 1824 conscriptos
778 1742 836 1805 abs
855 1751 887 1805 te
906 1741 958 1805 vel
979 1740 1130 1806 memoria
1150 1747 1413 1827 comprehensos,

109 1856 199 1951 quod
224 1857 262 1916 de
288 1851 327 1916 iis
354 1848 485 1915 subinde
510 1871 528 1913 c
553 1860 643 1931 patre
664 1844 866 1930 quaesivisti,
896 1865 978 1909 nunc
996 1845 1091 1910 nobis
1110 1840 1226 1932 rogatu
1247 1863 1359 1917 nostro
1379 1874 1413 1917 cs

109 1957 346 2025 enunciaturus.

188 2060 479 2128 AUTOBULUS.
526 2056 564 2119 lu
591 2053 748 2120 Helicone
773 2055 857 2136 apud
883 2051 1016 2126 Musas,
1044 2050 1219 2132 Flaviane,
1250 2053 1414 2120 Amatoria

111 2166 277 2248 agentibus
298 2160 565 2244 Thespiensibus:
586 2181 656 2222 nam
671 2171 828 2221 certamen
843 2154 1075 2241 quinquennale
1089 2158 1251 2223 celebrant
1264 2171 1300 2224 nt
1312 2160 1417 2227 Musis

112 2267 155 2336 ita
177 2272 269 2336 etiam
291 2266 422 2344 Amori,
444 2263 609 2347 magnifice
629 2265 794 2327 admodum
815 2273 847 2326 et
866 2260 1040 2346 splendide.

192 2371 471 2440 FLAVlANUS.
513 2368 621 2433 Scisue
641 2366 719 2451 quid
747 2366 878 2451 petituri
902 2347 960 2432 abs
987 2377 1018 2432 te
1046 2364 1159 2448 simus,
1188 2380 1350 2454 quotquot
1378 2373 1419 2436 ad

114 2478 298 2544 audiendum
320 2471 551 2540 confluximus?

113 2574 115 2579 ’
191 2579 479 2648 AUTOBULUS.
520 2579 614 2653 Non,
634 2577 690 2640 sed
710 2597 849 2654 novero,
869 2574 924 2639 ubi
945 2573 1103 2640 dixeritis.

192 2685 472 2753 FLAVIANUS.
513 2683 549 2746 lu
564 2681 737 2765 praeseutia
753 2680 820 2744 noli
840 2679 979 2745 sermoni
993 2679 1132 2747 inserere
1143 2694 1309 2766 poetarum
1327 2699 1417 2770 prata

110 2806 145 2885 et
163 2794 305 2869 umbras,
335 2793 530 2871 heder-aeque
552 2799 584 2850 et
603 2807 702 2869 aquae
723 2787 883 2851 discursus
902 2784 1026 2870 aliaque
1045 2786 1078 2852 id
1098 2810 1214 2874 genus,
1238 2811 1319 2867 quae
1338 2812 1420 2859 non·

114 2898 193 2964 nulli
217 2897 249 2961 in
276 2897 421 2960 locorum
448 2889 690 2973 descriptionem
718 2893 877 2955 trahentes
901 2903 1048 2975 satagunt
1071 2894 1215 2960 Platonis
1238 2892 1361 2961 Ilissum
1387 2909 1419 2963 et

114 3003 241 3067 viticem
257 3000 341 3064 illum
357 2997 530 3082 leniterque
550 3018 672 3060 sursum
692 2994 835 3061 emissam
852 2999 982 3062 herbam
1002 2997 1171 3065 studiosius
1191 3023 1284 3086 quam
1303 3001 1420 3069 rectius

116 3106 358 3173 transscribere.
913 3163 914 3167 ,
1283 3171 1286 3177 ,
1376 3100 1380 3106 ’

196 3207 483 3276 AUTOBULUS.
525 3207 638 3290 Neque
654 3228 749 3283 vero,
770 3206 811 3271 nri
826 3207 995 3288 Flaviano,
1014 3209 1153 3275 narratio
1168 3209 1311 3294 hisopus
1324 3215 1420 3279 habet

117 3314 271 3383 exordiis.
316 3315 389 3395 Ipsa
417 3311 518 3375 statim
549 3311 694 3385 occasio,
725 3314 805 3375 unde
832 3326 944 3397 coepta
973 3313 1035 3378 fuit
1064 3315 1253 3399 disputatio,
1285 3322 1418 3383 chorum

115 3419 255 3507 flagitat,
276 3440 430 3504 scenaque
443 3415 576 3500 indiget,
596 3413 766 3500 etreliqua
787 3414 865 3482 nihil
884 3441 902 3482 a
923 3422 1061 3484 dramate
1080 3424 1207 3488 absunt.
1247 3425 1420 3492 Precemur

116 3529 213 3593 modo
243 3535 371 3588 matrem
399 3523 584 3598 Musarum,
611 3530 646 3583 ut
672 3519 811 3605 propitia
837 3520 888 3592 sit*
904 3543 1026 3610 nosque
1052 3523 1085 3590 iu
1110 3548 1263 3593 sermone·
1280 3548 1418 3594 comme·

116 3632 270 3697 morando
292 3624 433 3708 adjuvet.

111 3793 114 3802 .
194 3737 240 3800 ll.
280 3735 392 3810 Pater,
425 3754 496 3796 cunr
521 3727 716 3811 jamdudum,
743 3743 814 3805 ante
840 3754 900 3798 nos
920 3745 1030 3810 natos,
1057 3748 1156 3802 matre
1175 3758 1285 3803 recens
1305 3739 1414 3818 ducta,

113 3843 161 3909 ob
191 3838 351 3904 dissidium
383 3839 539 3922 quoddam
570 3847 602 3900 et
629 3834 750 3914 rixam,
780 3859 861 3920 quae
889 3840 1072 3921 parentibus
1102 3863 1210 3907 eorum
1239 3841 1414 3922 inciderat,

115 3943 239 4011 veniret
258 3941 375 4008 Amori
394 3941 623 4006 sacrificatumr
646 3956 773 4007 matrem
795 3965 855 4007 una
876 3948 914 4008 ad
929 3945 1131 4012 festivitatem
1149 3947 1299 4011 adduxit:
1321 3948 1413 4034 hujus

115 4049 198 4117 enim
217 4060 287 4115 erat
305 4059 415 4114 votum
434 4057 467 4111 et
485 4044 687 4112 sacrificium.
726 4047 833 4114 Domo
846 4070 952 4116 secum
965 4051 1096 4118 comites
1109 4051 1218 4118 habuit
1229 4051 1412 4125 familiares.

120 4308 157 4371 Β.
179 4318 207 4371 l.
239 4295 369 4386 παρεῖναι]
388 4307 449 4371 ΒΕ.
479 4308 577 4386 Vulgo
594 4313 668 4369 siros.

119 4405 158 4465 B.
174 4413 208 4466 -4,
240 4411 428 4480 κεκομισμένος]
446 4403 604 4480 Wyttenh.
622 4424 660 4462 ex
680 4406 744 4464 Ald.
764 4410 832 4467 Bas.
850 4406 921 4482 Xyl.
942 4404 1004 4466 ΒΕ.
1028 4403 1125 4486 Vulgo
1142 4421 1334 4489 κεκοσμημένος.

119 4496 158 4557 B.
181 4500 205 4556 ⁵.
237 4493 292 4570 ἦγε]
309 4497 463 4575 Wyttenh.
483 4518 520 4559 ex
537 4499 642 4560 iisdem
658 4497 753 4558 libris.
788 4499 886 4576 Vulgo
903 4497 1011 4574 eelim.
1072 4534 1085 4562 „·
