3036 4994
1283 174 1341 240 233

121 341 151 396 p.
168 331 220 392 82,
238 330 263 382 7.
296 325 468 392 Κλείσανιος]
502 323 591 399 Apud
612 323 796 401 Stephonnm
814 334 844 381 et
861 321 1050 397 Strabonem,
1069 326 1146 386 libro
1163 345 1263 399 nono,
1288 348 1342 405 per
1373 384 1376 392 ,
1456 311 1465 319 „

56 438 65 468 ι
82 415 205 494 simplex
225 417 330 490 legitur
347 422 452 483 Γλλσσσ,
470 415 524 474 snb
541 415 629 474 finem
644 420 730 491 huius
749 419 930 475 narrationis
948 425 1060 485 Ktahae
1075 423 1229 492 mendose,
1247 442 1342 501 quan-

58 526 146 582 puam
169 508 200 565 id
222 520 340 566 secutus
368 511 407 566 sit
429 509 604 569 Politianua.
642 511 871 570 XYLANDER.
912 517 1065 581 Γλίσαντος,
1091 515 1169 592 qnod
1190 517 1343 591 Xylander

58 602 212 674 praetulit,
239 604 340 679 ntique
365 601 520 678 prohetios
540 607 586 670 (v.
607 604 790 683 Wesseling.
814 604 851 661 ad
869 604 1013 664 Herodot.
1034 606 1095 675 IX,
1117 615 1161 668 48.
1195 609 1341 686 Spitzner.
1373 613 1376 619 ’

61 692 99 750 od
116 693 201 754 Hom.
221 695 256 754 ll.
277 714 323 755 vs.
342 698 439 764 804),
459 695 510 753 sed
528 707 648 773 propter
667 698 803 755 codicum
821 716 998 756 consensum
1016 699 1090 756 nihil
1107 703 1227 761 motari.

127 824 157 880 Ρ.
180 815 230 875 82,
248 814 273 866 8.
307 804 470 880 Καλιρῤὁης]
505 799 623 881 καλιρὸης
638 808 707 868 Ald.
725 813 792 867 BaS.

121 933 151 989 p.
169 923 218 983 82,
237 922 279 977 13.
312 919 379 984 λειω]
415 917 572 990 Wyttenh.
591 919 698 975 iterum
718 920 821 976 invitis
839 916 926 975 libris
942 908 1081 993 reposuit¹
1093 921 1156 975 λειω.

123 1043 152 1098 p
171 1033 221 1091 82,
240 1031 281 1088 15.
318 1027 401 1092 σῖτον]
437 1043 494 1084 οιιι.
512 1026 547 1084 Β.
581 1027 639 1082 De
649 1044 729 1099 rev.
746 1026 902 1091 Heindorf.
922 1028 959 1085 ad
981 1027 1056 1085 Hor.
1075 1002 1166 1085 sior.
1184 1046 1215 1102 p.
1234 1034 1277 1087 13.

124 1150 154 1206 Ρ.
172 1141 223 1220 82,
242 1139 283 1192 16.
317 1129 453 1208 παρῇξαν]
486 1135 689 1208 ιιαΡὴξανΑῙᾶ.
706 1136 777 1198 Bes.

123 1259 152 1314 p.
173 1250 223 1309 82,
242 1249 284 1300 17.
318 1235 520 1319 Παμβοιωτίων]
555 1245 600 1301 De
617 1245 673 1300 hoc
691 1244 814 1306 festor.
833 1245 995 1316 Hermann.
1013 1197 1182 1303 Hondboch
1198 1244 1252 1302 der
1267 1243 1348 1317 grie-

55 1332 196 1390 chischen
212 1334 552 1409 διααιεσβιενιίιιλναανς.
573 1345 634 1398 180.
650 1357 682 1414 Ρ.
703 1344 791 1403 381.Ι

103 1461 153 1516 ’.Ρ
172 1449 286 1512 82,18.
320 1440 411 1520 talcar]
446 1444 577 1517 ίκίιηιΒ.

123 1568 155 1625 p
172 1560 222 1619 82,
241 1559 283 1611 18.
317 1554 363 1624 τῆς
382 1551 492 1618 Ἰτωνίας
505 1551 635 1638 Ἀθηνᾶς]
669 1575 697 1614 v.
720 1555 859 1614 Creuzer.
885 1554 986 1629 Symh.
1015 1554 1051 1614 Τ.
1069 1555 1109 1614 11.
1135 1574 1165 1629 p.
1190 1561 1347 1615 712-724.

58 1640 179 1755 ltldller
200 1644 339 1705 Orchom.
356 1665 387 1720 p.
406 1653 455 1704 391
474 1665 520 1722 sq.

123 1771 153 1827 p.
172 1761 224 1821 82,
242 1760 284 1814 21.
318 1754 445 1824 νεανίαις]
480 1761 618 1821 νεανίσκοις
634 1756 668 1816 Β.

77 1875 79 1880 “
122 1880 151 1935 Ρ.
170 1870 222 1930 82,
240 1869 285 1923 28.
320 1861 391 1936 παρὰ
407 1865 442 1934 τῷ
455 1854 589 1932 Ἕλικῶνι]
623 1871 681 1940 περὶ
696 1884 753 1941 pro
769 1865 842 1939 παρὰ
857 1866 927 1926 Ald.
944 1866 1013 1926 Bes.

121 1952 151 2043 Ρ.
169 1979 220 2037 82,
237 1977 284 2030 26.
322 1974 437 2038 Φοίδου]
472 1972 570 2043 φόνδου
587 1972 689 2032 Petav.

125 2096 155 2152 Ρ.
174 2086 223 2143 82,
241 2086 284 2137 28.
319 2082 486 2146 κατέλευσαν]
521 2086 677 2136 κατέκαυσαν
700 2081 742 2166 A.
757 2080 792 2140 E
813 2081 915 2141 Petov.
946 2082 980 2138 Β.
1006 2083 1074 2158 (qui
1097 2091 1165 2157 poet
1192 2082 1225 2136 τὰ
1245 2079 1273 2136 d'
1293 2100 1348 2156 pro

59 2169 119 2233 τοὺς
141 2166 165 2224 δ’
185 2168 272 2227 hahet
288 2181 318 2226 et
334 2181 400 2227 ante
418 2175 444 2226 dt
460 2183 530 2246 post
546 2175 617 2244 δίψει
633 2176 709 2238 om.)
731 2183 760 2228 et
777 2172 845 2231 Ald.
879 2173 924 2229 De
942 2174 1121 2248 lapidatione
1142 2194 1170 2233 v.
1185 2174 1290 2232 Blomf.
1309 2173 1347 2230 ad

58 2263 200 2336 Aeschyl.
224 2264 327 2342 Agam.
347 2264 482 2324 Glosser.
511 2282 555 2322 vs.
583 2271 661 2325 1806.
696 2265 907 2326 Wachsrnnth.
930 2266 1048 2328 Hellen.
1067 2266 1349 2355 Altertlrumelunde.

58 2356 100 2415 ll.
119 2356 144 2416 I.
162 2377 191 2431 Ρ.
208 2363 261 2415 437
279 2376 324 2433 sq.
358 2356 510 2417 Sohaefer.
529 2358 565 2415 od
582 2357 660 2417 Plnt.
678 2358 715 2418 T.
733 2357 774 2416 V.
792 2377 822 2433 Ρ.
841 2366 886 2419 65.

126 2483 156 2540 Ρ.
175 2474 224 2531 82,
242 2473 285 2524 30.
323 2468 475 2537 θηβαιεῦσι]
510 2466 633 2540 Repono
653 2467 792 2536 Θηβαιιῦσι
815 2487 870 2538 pro
896 2469 1016 2538 θηβιῦσι,
1043 2486 1105 2525 non
1129 2478 1189 2526 tam
1208 2467 1351 2544 Stephani

59 2561 279 2626 auctoritatem,
299 2579 385 2636 qnam
401 2561 516 2617 analoo·
488 2579 579 2637 gram,
599 2548 727 2618 secutos.
762 2558 994 2618 XYLANDER.
1028 2560 1065 2621 A.
1084 2561 1116 2622 Β.
1134 2561 1170 2622 Ε.
1186 2563 1349 2661 Oppedorvt.

58 2652 149 2710 Recte
166 2664 360 2710 correxerunt
376 2653 530 2727 Xylander
548 2664 577 2711 et
594 2654 753 2727 Wyttenh.

125 2781 155 2837 p.
174 2771 224 2832 82,
241 2769 284 2821 38.
319 2765 480 2838 Κορωνεῦσι]
508 2764 553 2821 Ita
573 2761 836 2838 ediditWyrtenb.
856 2763 925 2823 eB.
939 2763 974 2821 E.
1000 2762 1111 2822 Venet.
1126 2763 1160 2821 P.
1177 2773 1207 2819 et
1218 2761 1347 2835 Xyland·
1437 2754 1442 2764 ’

59 2872 115 2929 pro
131 2855 209 2930 vulg.
228 2862 365 2930 Κορωνίσι.
397 2857 547 2930 Κορωνεῦσι
563 2855 651 2912 hahet
668 2859 757 2913 etiarn
774 2856 844 2913 Bas.

127 2983 156 3039 p.
174 2972 222 3030 82,
240 2970 282 3025 81.
316 2965 418 3032 νυκτὸς]
453 2966 497 3036 τῆς
518 2964 606 3027 νυκτὸς
627 2964 729 3024 Petav.
763 2965 840 3021 Tum
858 2964 893 3024 Β.
919 2969 1034 3037 λέγοντος
1050 2962 1132 3030 τινὸς,
1156 2961 1278 3036 ίπᾶνειβα.
1314 2963 1348 3021 Ε.

60 3056 126 3120 τινὸς
142 3060 268 3128 λίγυντυς,
296 3055 405 3131 πάρειμι.

128 3185 157 3240 p.
177 3174 224 3232 82,
243 3172 285 3224 33.
323 3150 433 3241 Φόνου]
469 3163 564 3222 Ornisi
583 3166 740 3223 articulum
763 3168 810 3222 τοῦ
828 3167 967 3223 antehoc
988 3184 1056 3222 oum
1073 3164 1111 3223 A.
1132 3164 1163 3223 B.
1183 3163 1219 3221 Ε.
1239 3163 1345 3252 Peter.

127 3293 157 3348 Ρ.
176 3282 222 3340 82,
243 3281 286 3332 34.
321 3273 401 3348 κρόκῳ
420 3280 484 3346 φασὶ
501 3274 604 3344 ῥεῦσαι]
640 3260 701 3331 Cur
721 3286 940 3331 monumentum
964 3275 1056 3331 Phoci
1078 3291 1199 3329 crocum
1220 3272 1348 3328 stillasse

62 3365 172 3422 diotunr
194 3369 251 3435 sit,
282 3369 310 3424 ei
334 3369 379 3424 rei
397 3368 590 3442 explicandae
610 3370 711 3424 nescio
734 3387 771 3424 an
796 3369 961 3424 inserviant
984 3386 1036 3435 ea,
1064 3384 1137 3442 quae
1163 3365 1351 3440 disputarunt

67 3459 172 3516 Bloml.
193 3459 292 3519 Gloss.
315 3461 351 3518 ad
368 3462 509 3534 Aeschyl.
527 3462 630 3537 Agam.
647 3479 692 3519 vs.
709 3466 770 3520 230.
785 3471 815 3516 et
825 3467 901 3520 1090.
923 3459 1020 3532 Heyn.
1038 3459 1076 3517 ad
1092 3457 1200 3517 Tibull.
1215 3460 1245 3524 I,
1262 3466 1288 3526 7,
1305 3465 1350 3517 48.

65 3553 206 3628 Bottiger.
224 3551 518 3611 Aldolrrondim'aohe
535 3553 684 3612 Hoehzeit
701 3571 730 3627 p.
750 3558 810 3613 129.

128 3681 158 3737 Ρ.
177 3668 225 3730 84,
249 3668 273 3720 1.
308 3662 342 3730 τῷ
366 3667 484 3732 θηβαίων
504 3657 627 3736 ἄρχοντι]
662 3661 706 3718 Ita
728 3660 807 3718 edidi
831 3678 868 3716 ex
889 3663 927 3719 Α.
951 3659 986 3721 Β.
1012 3660 1112 3719 Petav.
1139 3670 1169 3716 et
1192 3657 1349 3732 Wyttenh.

63 3753 164 3831 Vulgo
181 3755 230 3809 τῶν
248 3759 312 3824 Oppi.
331 3750 387 3827 ἅρχ.
420 3753 456 3814 Β.
474 3760 556 3825 paldo
574 3760 601 3811 et
617 3756 651 3825 τῷ
668 3757 718 3810 τῶν
739 3760 801 3824 Θηβ.
819 3752 878 3826 cipp.

129 3883 157 3938 Ρ.
178 3871 224 3932 84,
242 3872 269 3923 2.
303 3866 479 3935 γεγενημένην]
514 3871 685 3936 Ρεγεσνημίιηυ
701 3863 735 3922 Β.
771 3863 848 3920 Τιιιιι
870 3861 1026 3937 Wyttenh.
1044 3873 1094 3919 aut
1109 3861 1141 3933 ἥν
1158 3864 1351 3936 praemitten-

64 3957 133 4012 dum
152 3956 195 4012 illi
212 3952 384 4029 αἰσιούμενον,
411 3967 462 4013 ant
479 3956 687 4031 corrigendum
704 3953 870 4029 ἇγγιλθεῖσαν
889 3958 1013 4016 censuit.
1048 3957 1184 4014 Priorem
1205 3955 1351 4036 rationem
1392 3952 1396 3967 ’

65 4049 214 4123 amplexus
236 4060 281 4105 est
300 4049 422 4107 Hutten.

614 4225 719 4308 Caput
738 4228 783 4292 V.

130 4403 158 4456 Ρ.
176 4388 228 4449 84,
246 4389 272 4440 4.
308 4388 488 4462 Δαμοκρίταν]
525 4389 678 4458 ὃημοκΡίιαν
694 4384 794 4442 Petov.

126 4511 155 4562 p.
174 4498 222 4556 84,
241 4498 266 4548 5.
301 4493 476 4569 συμβουλεύων
498 4491 544 4575 δι]
580 4494 628 4552 Μα
650 4497 742 4554 inrito
764 4496 881 4572 vulgata
904 4497 935 4552 in
955 4506 1039 4553 texto
1059 4472 1209 4554 remansit.
1246 4496 1350 4554 Corri-

63 4583 188 4658 gendmn
207 4584 284 4642 enim
304 4597 403 4648 estex
422 4593 460 4647 A.
481 4588 517 4648 B.
537 4588 572 4650 Β.
594 4589 823 4662 repperiebant,
841 4590 873 4646 in
892 4587 999 4664 quihus
1017 4599 1062 4646 est
1080 4587 1253 4662 συμβουλεύων
1270 4598 1305 4646 ει.

1415 4594 1432 4655 -ι
