3036 4994
1339 186 1397 249 ru

110 339 193 405 γένος
216 363 252 379 -
279 331 385 389 Tuitus
412 349 477 388 sunt
503 341 633 389 veterem
658 332 844 407 scripturam.
880 333 993 391 Sensus
1015 338 1093 393 enim
1117 349 1179 395 est:
1213 339 1289 415 quid
1304 345 1399 397 aeroi'

108 427 217 501 pulcra
238 441 266 482 et
284 425 467 501 juvencula?
494 424 569 499 quid
589 424 702 483 arabilis
724 444 767 484 sc.
792 426 1038 500 repudiabiturue
1054 445 1080 485 et
1098 430 1286 509 objicietur?
1319 433 1399 492 Vide

112 517 285 578 Stallbaum.
305 518 350 577 ad.
368 517 443 577 Plat.
462 517 555 593 Gorg.
573 537 602 592 p.
622 524 682 576 193.
700 529 729 574 et
745 517 900 579 Heindorf.
921 520 958 576 ad
976 520 1062 580 eund.
1081 541 1111 596 p.
1132 529 1190 584 trs.
1209 525 1255 587 ed.
1274 526 1314 585 11.
1380 594 1383 600 Ι

182 689 212 745 p.
232 675 279 737 16,
295 674 323 728 3.
357 673 401 724 καὶ
415 671 651 742 κατεγρυπομέυοκ]
678 667 839 742 Perperam
857 666 957 725 ueisu.
983 680 1012 725 et
1029 669 1185 742 Wyttenb.
1209 656 1399 751 conjecerunt

116 770 158 820 καὶ
174 767 401 837 κατερρυπομένον,
422 760 509 816 'Nam
530 761 560 816 iu
578 760 713 828 homine,
740 762 790 837 qui
807 772 852 816 est
868 761 991 818 virtutis
1011 783 1097 819 uerae
1117 782 1214 822 custos
1229 768 1402 845 rigidusque

113 856 230 914 scitelles
253 856 415 929 vituperari
439 864 537 929 potest
561 855 650 909 nimia
679 855 823 929 quaedam
846 873 962 911 morum
987 858 1131 913 severitas
1155 860 1314 935 rigorque,
1341 881 1402 918 non

115 969 186 1007 vero
202 949 314 1007 sordes.
350 955 571 1019 κατιγρυτυμένον
588 966 604 1002 a
622 944 715 1017 γρυπὸς
736 954 782 1016 (v.
803 947 875 1003 Plat.
896 947 932 1003 de
950 966 1014 1025 rep.
1034 948 1075 1015 V.
1099 969 1127 1024 p.
1144 952 1274 1019 47411),
1291 955 1403 1026 γροηόω,

115 1041 281 1117 κατυγρυπὸο
298 1041 385 1100 habet
404 1040 560 1116 superbiae
579 1051 801 1115 contemtusquc
824 1043 976 1098 notionem
991 1053 1093 1118 estque
1113 1061 1231 1111 eorurn,
1259 1047 1308 1121 qui
1331 1046 1404 1103 alios

114 1139 200 1213 quasi
226 1157 302 1192 τιαοιι
327 1137 443 1192 adunco
461 1133 640 1210 suspendunt
668 1138 714 1199 (v.
735 1134 891 1191 Heindorf.
919 1134 956 1191 ad
982 1135 1087 1192 Horat.
1127 1135 1217 1198 Satir.
1244 1138 1275 1205 1,
1303 1147 1335 1203 6,
1361 1143 1403 1205 5).

113 1230 253 1288 lllulieres
270 1230 360 1304 igitur
379 1229 495 1284 virtutis
511 1227 658 1283 studiosas
676 1227 748 1283 dicit
770 1228 944 1284 Plutarchus
964 1229 995 1284 in
1012 1229 1113 1286 odium
1132 1231 1301 1297 incurrere,
1327 1231 1405 1306 quod

113 1334 228 1379 tautum
248 1319 343 1386 absit,
369 1329 402 1375 ut
422 1321 595 1381 maritorum
617 1322 688 1376 vitia
710 1321 813 1378 leniter
838 1322 963 1378 remisse
981 1332 1010 1377 et
1030 1325 1142 1378 urbane
1160 1325 1343 1398 vituperent,
1372 1335 1406 1381 at

115 1427 232 1471 austere
255 1430 357 1470 severe
378 1421 406 1467 et
429 1413 560 1487 graviter
579 1415 736 1490 exagitent.
773 1412 833 1470 Sed
849 1425 949 1470 tamen
971 1415 1073 1471 nescio
1094 1435 1131 1472 au
1152 1419 1250 1490 potins
1270 1415 1407 1473 scriben-

117 1508 187 1565 dum
205 1509 245 1563 sit
265 1515 489 1577 κατεγνυπωμένον.
523 1505 620 1577 Etym.
641 1505 682 1562 Μ.
708 1525 737 1580 p.
756 1513 823 1574 136,
841 1512 886 1566 10,
921 1505 1120 1570 Γνύπετοι,
1146 1517 1262 1581 υτυγνοί,
1288 1516 1332 1565 καί
1351 1517 1405 1565 οἷον

117 1606 274 1673 νενυγμίνοι·
290 1594 373 1655 καὶτὸ
390 1598 664 1667 κατεγνυπάσθαι
679 1599 748 1670 ῥῆμα
763 1599 882 1654 τοιοῦτον
899 1602 983 1668 δηλοῖ·
1000 1599 1018 1670 ’l
1037 1607 1204 1672 ίκτεταμίνοι,
1223 1605 1302 1656 δειλοί
1309 1617 1316 1631 ·
1334 1600 1405 1657 ἄλλοι

117 1697 304 1764 δὲ,κατηφεῐς.
334 1691 451 1746 Photius
473 1709 501 1762 p.
521 1693 580 1755 146,
600 1697 624 1748 7.
655 1699 1002 1763 κατεγνυπομίνυνςε
1032 1694 1151 1767 νωθρῶς·
1173 1690 1313 1766 άνάνδρας·
1338 1682 1405 1751 οὗτοι

117 1789 277 1858 Μένανδρος.
313 1783 440 1855 Hesych.
460 1789 725 1854 ίγνυποιμένον,
748 1790 922 1855 ταλαίπωρον,
949 1792 1067 1857 κατηφές.
1100 1784 1186 1857 Quod
1202 1786 1318 1842 videtur
1340 1804 1405 1843 esse

117 1879 185 1934 hnic
201 1878 268 1933 loco
289 1877 617 1943 convenientissimum,
645 1877 834 1933 referendum
856 1879 935 1935 enim
953 1889 998 1934 est
1015 1878 1053 1935 ad
1067 1880 1205 1935 tetricum
1221 1879 1350 1945 vultum,
1369 1879 1406 1936 ad

116 1972 268 2053 tristitiam
285 1980 314 2026 et
334 1971 538 2025 morositatem
555 1968 697 2027 mulieris.

182 2141 212 2195 p.
236 2128 286 2186 16,
312 2125 338 2177 3.
380 2125 491 2186 inclute
516 2118 532 2150 4
557 2123 600 2173 καὶ
627 2116 846 2190 δυσκαρτέρητον]
891 2116 949 2174 llic
975 2118 1119 2191 permulta
1146 2116 1248 2173 deesse
1277 2120 1409 2190 apparet.

117 2212 347 2272 XYLANDER.
384 2219 412 2267 αί
433 2216 461 2266 ds
480 2210 607 2283 σώφρονες
627 2207 699 2264 οὐδὲν
717 2206 841 2282 αὐστηρὸν
862 2215 904 2264 καί
927 2215 1146 2283 κατερρυπαμίνον
1172 2216 1215 2266 καὶ
1233 2218 1345 2278 ἐπαχθὲς
1366 2212 1409 2266 καί

118 2311 300 2378 dioecesaneos
314 2311 426 2373 ίγουυινι
444 2303 514 2359 illue
526 2320 637 2358 uxores
647 2300 817 2375 ’σώφρονες
833 2301 947 2368 dictae,
966 2304 1022 2358 hoc
1034 2313 1093 2369 est,
1112 2303 1276 2367 modes-tae,
1296 2300 1409 2360 nihilne

117 2401 222 2457 liabent
238 2414 390 2454 austerum
404 2412 430 2451 et
444 2396 600 2452 sordidum
614 2410 642 2451 et
654 2415 744 2467 grove
756 2409 784 2451 et
798 2394 985 2453 intolerabile
997 2395 1030 2451 ι’νι
1042 2395 1199 2451 moribus?
1217 2394 1410 2451 REISKIUS.

120 2492 295 2567 Lugendum
309 2496 526 2562 κατεῤῥυπονμένον
535 2495 646 2558 ἐπαχθὲς
658 2485 778 2550 πολλάκις
793 2494 836 2544 καί
851 2493 920 2544 duos.
937 2496 1027 2557 ίγουοι.
1044 2488 1408 2548 WYTTENBACHIUS.

119 2585 155 2641 In
171 2585 206 2642 Β.
221 2584 255 2640 E.
274 2584 380 2639 lacuna
400 2593 445 2638 est
459 2592 526 2638 octo
543 2583 706 2642 literarum.
741 2582 880 2639 Fortasse
899 2582 1009 2639 excidit
1025 2588 1067 2638 καὶ
1082 2583 1172 2658 πικρὸν
1187 2584 1233 2639 vel
1249 2588 1291 2638 καὶ
1304 2567 1410 2655 υτυγυόν

120 2677 167 2734 vel
185 2682 228 2732 καὶ
250 2674 412 2749 σκυθρωπὸν.
446 2674 522 2733 Plut.
542 2675 577 2730 de
596 2673 658 2733 diff.
679 2674 757 2735 adul,
780 2673 816 2730 ab
839 2676 990 2750 amicop.
1006 2683 1041 2734 tu
1061 2675 1095 2735 E.
1130 2671 1188 2732 οὐδὲ
1212 2673 1262 2749 γὰρ
1288 2674 1371 2746 ἀηδὴς
1392 2675 1407 2731 ὃ

120 2775 206 2843 φίλος,
224 2763 281 2825 old
303 2768 429 2839 άιιρατος,
452 2765 511 2823 οὐδὲ
529 2768 568 2837 τῷ
587 2768 686 2841 πικρῷ
704 2765 828 2840 σεμνὸνὴ
854 2773 927 2841 φιλία
943 2776 986 2825 καί
1005 2767 1163 2840 αὐστηρῷ.
1193 2788 1222 2843 p.
1241 2774 1273 2825 51
1293 2768 1327 2831 C,
1354 2767 1409 2822 ἀλλ’

119 2863 201 2938 ὥσπερ
229 2869 255 2919 οἱ
279 2866 358 2919 δεινοί
380 2861 429 2914 τοῖν
454 2857 584 2929 ὀψοποιῶν
609 2869 680 2921 τοῖς
707 2870 857 2933 πικροῖς
878 2868 969 2931 χυμοῖς
992 2867 1035 2915 καὶ
1063 2857 1261 2931 αὐστηροῖς
1285 2856 1413 2929 ἡδύσμασι

119 2958 236 3030 χρῶνται.
253 2954 292 3012 il).
311 2973 340 3028 p.
355 2960 386 3011 67
404 2957 439 3010 B.
454 2953 487 3024 τῇ
497 2949 633 3022 γλυκύτητι
648 2952 696 3006 τοῦ
711 2953 894 3014 νουθετοῦντος
909 2958 1035 3006 ἐπιτείνων
1052 2950 1087 3005 τὸ
1104 2947 1220 3021 πικρὸν
1236 2953 1279 3003 καὶ
1294 2949 1412 3021 αὐστη-

122 3049 176 3123 ρὸν
199 3052 408 3119 circundantur.
435 3044 502 3103 coll.
537 3043 582 3099 De
601 3046 688 3102 sanit.
712 3044 819 3100 tuenda
842 3063 872 3118 p.
892 3046 942 3101 1³7
962 3043 999 3101 A.
1024 3043 1102 3115 conj.
1128 3060 1227 3116 praec.
1254 3061 1283 3115 p.
1304 3046 1352 3100 141
1376 3042 1410 3101 F.

122 3143 259 3198 Celerum
282 3140 348 3196 vide
373 3156 471 3212 praec.
494 3139 573 3208 conj.
597 3154 627 3209 p.
650 3143 698 3195 139
723 3137 758 3195 Β.
786 3144 852 3198 ἐνίας
871 3133 966 3209 δρῶσαι
990 3132 1049 3197 τούς
1069 3141 1114 3206 μὲν
1142 3131 1345 3207 αὐστηροὺς
1370 3145 1414 3192 καὶ

124 3235 313 3305 σώφρονας
331 3237 509 3302 βαρυνομένας.
543 3226 583 3289 ib.
601 3248 633 3302 p.
651 3234 700 3286 142
718 3230 751 3288 C.
786 3226 855 3284 Tib.
874 3227 1000 3283 Gracclt.
1019 3245 1045 3286 c.
1065 3227 1105 3285 ll.
1123 3225 1138 3284 ὃ
1156 3232 1183 3285 δὲ
1202 3227 1281 3292 Γάϊος
1298 3236 1412 3302 catapli

124 3323 208 3386 ἄλλοις
227 3327 398 3394 παραβαλεῖν,
417 3319 563 3394 σώφρων
580 3329 622 3376 καί
642 3318 829 3395 αὐστηρός.
863 3321 930 3378 Nic.
949 3338 974 3378 c.
995 3318 1034 3378 ll.
1054 3314 1163 3394 καὶγὰρ
1183 3319 1227 3378 οὐκ
1241 3319 1273 3394 ἦν
1289 3316 1411 3395 αὐστη-

124 3416 181 3490 ρὸν
205 3413 264 3471 οὐδ’
287 3421 444 3481 ἐπαχθὲς
464 3411 531 3483 άγαν
551 3411 630 3469 αὐτοῦ
649 3415 679 3470 τὸ
699 3415 804 3486 σεμνὸν,
828 3410 881 3469 ἄλλ’
899 3414 1016 3485 εὐλαβείᾳ
1032 3420 1081 3469 τινὶ
1096 3423 1254 3488 μεμιγμένον.

192 3578 221 3631 p.
241 3564 289 3625 16,
307 3560 334 3614 ll.
370 3556 516 3620 nationale
532 3558 659 3624 καλοῦσιν]
678 3554 734 3627 οὐχὶ
750 3564 792 3612 καλ
808 3554 908 3627 άπηνεῖς
925 3558 1043 3612 καλοῦσιν
1063 3554 1158 3623 αὐτάςς
1176 3579 1271 3615 noune
1288 3559 1413 3617 acerbus

124 3672 176 3709 eos
194 3651 353 3728 appellunt.
368 3649 529 3707 Salmasius
550 3647 727 3723 conjiciebat
743 3650 896 3712 rainoardi.
932 3649 1126 3712 REISKIUS.
1155 3651 1250 3726 Vulgo
1263 3651 1413 3727 legebatur

124 3755 170 3804 καὶ
183 3753 286 3813 κείνας,
309 3757 342 3801 ut
361 3756 407 3800 est
423 3746 511 3801 etiam
527 3747 557 3801 in
576 3744 610 3801 Β.
630 3744 665 3805 Ε.
684 3754 712 3799 et
728 3743 796 3800 Ald.
832 3744 920 3800 Edidi
938 3762 953 3800 e
971 3744 1041 3805 Bas.
1060 3744 1130 3818 Xyl.
1151 3743 1275 3804 Salmas.
1294 3750 1336 3800 καὶ
1353 3768 1412 3799 ποι-

126 3840 179 3903 orie.
218 3835 474 3910 Male'Wyttenb.
502 3849 531 3894 et
550 3838 670 3895 Hutten.
697 3836 853 3900 accinatur.
889 3839 970 3896 Stob.
996 3838 1030 3895 T.
1048 3841 1090 3895 67.
1117 3836 1154 3896 T.
1177 3837 1232 3893 111.
1259 3855 1288 3912 p.
1314 3842 1338 3893 3.
1367 3836 1414 3898 ed.

127 3934 222 3992 Gaias.
247 3933 291 3989 lde
314 3939 360 4005 μὶν
383 3930 459 4002 καλὴν
483 3930 569 4004 γάμον,
599 3935 643 3995 ἕξιν
668 3930 793 4002 κοινήν·
822 3928 865 3986 ἐὰν
888 3924 1059 4004 δὲάίοχρὰν,
1087 3933 1132 3994 ἷξον
1154 3929 1277 4000 ποινήν.
1312 3929 1413 4005 Eurip.

132 4027 274 4087 Androm.
295 4044 336 4084 vs.
357 4032 416 4084 1⁰3.

392 4117 455 4190 Ἰλίρι
473 4120 572 4189 αὶπεινᾷ
589 4117 672 4194 Πάρις
690 4115 721 4174 οὐ
737 4117 834 4190 γάμον,
857 4115 921 4173 duri
937 4115 984 4172 τιν’
1001 4115 1081 4172 άταν

462 4209 560 4284 ἠγάγετ’
578 4210 679 4268 εὐναίαν
695 4218 729 4274 είς
745 4211 881 4283 θαλάμους
894 4211 1003 4270 Ἑλέναν.

131 4302 204 4361 Vide
222 4306 339 4362 Jacobs.
359 4305 517 4366 Animadv.
537 4307 568 4361 in
586 4304 705 4362 Authol.
724 4306 761 4365 V.
779 4305 819 4362 Il.
837 4305 870 4364 P.
889 4305 913 4361 1.
940 4325 970 4380 p.
989 4312 1050 4364 368.

198 4432 228 4487 p.
246 4422 296 4482 16,
315 4421 341 4475 5.
376 4415 553 4489 ὀργιζομένας,
579 4414 618 4469 ῗτι
632 4416 820 4487 σωφρονοῦσιν]
855 4414 914 4470 Pro
931 4413 972 4469 ὅτι
985 4413 1021 4471 Β.
1040 4413 1098 4469 dcl
1131 4412 1305 4471 Plutarchus
1321 4419 1419 4491 respi-
1462 4422 1472 4447 ¹

132 4507 173 4561 cit
190 4505 368 4575 Metrodori,
396 4509 605 4584 Lampsaceni,
631 4509 754 4583 Epicuri
773 4507 928 4580 discipuli,
950 4503 1067 4561 effatum
1075 4536 1087 4574 ,·
1101 4506 1179 4581 qnod
1196 4508 1384 4582 intelligimus
1400 4525 1418 4559 e

132 4616 229 4672 praec·
248 4600 364 4676 conjug.
382 4620 412 4677 p.
432 4610 478 4662 141
498 4603 530 4664 F.
551 4610 601 4662 142
620 4602 655 4659 Α.
678 4608 755 4672 οἶμαι
780 4599 810 4668 dil
836 4605 879 4654 nul
902 4601 931 4674 τῇ
953 4597 1062 4674 σώφρονι
1083 4598 1193 4670 μάλιστα
1215 4605 1265 4657 dein
1289 4600 1350 4673 πρὸς
1372 4596 1417 4653 τὸν
