3036 4994
486 726 973 813 rudusculo.

633 996 820 1006 ...n-...—

162 1251 235 1311 Post
260 1248 625 1322 WYTTENBdClllUM,
657 1249 754 1311 virum
775 1249 883 1330 ingenii
908 1251 1020 1330 pariter
1051 1269 1086 1312 ac
1109 1251 1262 1314 doctrinae
1285 1251 1374 1315 laude

85 1368 341 1441 florentissimum,
360 1368 411 1450 qui
424 1368 537 1449 primus
550 1375 619 1449 post
629 1367 750 1450 longum
763 1388 909 1430 annornm
926 1369 1083 1433 decursum
1095 1370 1245 1434 Plutarchi
1258 1372 1374 1454 Scripta

87 1488 231 1562 Moralia,
266 1506 342 1568 quae
369 1487 521 1560 dicuntur,
547 1488 686 1550 diuturno
706 1488 764 1550 situ
782 1488 912 1552 obducta
929 1508 1056 1571 purgare
1079 1485 1229 1571 nitorique
1248 1491 1375 1555 reddere

85 1607 223 1680 instituit,
243 1627 331 1670 nemo
346 1615 393 1668 est
409 1607 563 1680 inventus,
583 1608 649 1688 qni,
670 1608 749 1689 quod
774 1608 822 1669 ille
842 1629 916 1690 opus
933 1617 1124 1691 praematura
1149 1619 1245 1674 morte
1263 1612 1373 1675 nostris

83 1727 176 1789 literis
194 1735 315 1808 ereptus
335 1748 396 1789 nou
416 1728 561 1791 adfinem
581 1728 738 1808 perduxit,
758 1728 941 1802 absolveret,
961 1730 1072 1793 nedum
1090 1731 1141 1810 qui
1157 1749 1255 1792 novae
1269 1750 1372 1793 recen-

84 1848 178 1910 sionis
189 1848 386 1910 instituendae
396 1847 558 1910 ·consilium
571 1847 704 1928 agitaret.
742 1849 781 1908 Et
798 1857 899 1913 tamen
913 1849 1104 1911 adornandae
1118 1849 1275 1920 editionis,
1295 1870 1372 1930 quae

83 1974 115 2030 et
137 1966 300 2048 parabilior
325 1974 406 2031 esset
425 1967 604 2047 modicoque
624 1966 722 2048 pretio
744 1986 854 2028 venum
879 1968 937 2028 iret
963 1975 993 2031 et
1016 1967 1193 2031 nostratium
1217 1968 1373 2031 desideriis

83 2086 284 2159 satisfaceret,
309 2087 340 2147 in
361 2087 426 2149 dies
447 2086 541 2167 major
555 2086 719 2146 necessitas
738 2085 873 2165 urgebat.
913 2086 989 2145 Nam
1009 2084 1374 2169 WY'lTENBhCHthf.

83 2207 139 2269 etsi
158 2207 367 2271 immortaliter
391 2205 514 2266 meritus
539 2211 584 2267 est
614 2204 651 2266 de
675 2203 833 2265 Plutarcho
863 2204 1040 2286 egregieque
1066 2204 1195 2285 plurima
1222 2180 1375 2267 constituit

85 2333 116 2386 et
131 2324 301 2399 illustrarit,
317 2332 417 2386 tamen
434 2323 539 2386 melius
555 2325 725 2406 interpretis
739 2343 829 2404 quam
843 2325 936 2386 critici
946 2325 1128 2407 provinciam
1141 2325 1373 2395 administrasse,

85 2446 136 2526 qui
165 2444 294 2525 aliquam
320 2463 387 2506 cum
412 2445 476 2526 ejus
504 2442 722 2505 commentariis
753 2452 966 2507 contraxerunt
987 2444 1235 2517 familiaritatem,
1264 2453 1374 2527 norunt

84 2584 195 2627 omnes.
235 2565 339 2645 Neque
362 2563 442 2627 enirn
465 2582 515 2636 ea,
537 2583 596 2645 qua
616 2583 672 2644 par
690 2571 753 2634 est,
775 2583 847 2624 cura
869 2583 904 2625 ac
924 2565 1083 2626 severitate
1107 2564 1258 2629 Plutarchi
1280 2565 1373 2648 recha

83 2685 122 2746 ad
141 2703 263 2747 suorum
279 2684 415 2746 codicum
433 2681 526 2745 fidem
548 2683 665 2764 exegit,
684 2683 737 2744 sed
760 2684 791 2744 in
810 2683 965 2747 enatandis
986 2684 1150 2766 scripturae
1167 2685 1372 2769 discrepantis

82 2803 194 2866 nullam
215 2811 328 2866 certam
347 2803 493 2866 rationem
511 2808 630 2865 secutus
647 2802 773 2884 optimas
791 2803 935 2866 lectiones
955 2803 1002 2865 vel
1020 2804 1220 2884 praetermisit
1238 2803 1286 2865 vel
1309 2805 1373 2895 ani·
1418 2798 1426 2805 ”

83 2924 254 2986 madversas
275 2944 337 2986 nou
355 2922 483 3005 recepit,
503 2942 602 3003 neque
619 2922 802 3003 exemplaria
824 2924 970 3004 impressa
988 2930 1120 2996 vetusta,
1146 2923 1286 2985 Aldiuum
1305 2923 1372 2999 dico

83 3051 114 3106 et
124 3043 307 3116 Basiliscum,
327 3044 399 3105 satis
411 3042 567 3124 diligenter
582 3042 612 3102 in
629 3042 784 3103 consilium
796 3042 947 3115 adhibuit,
964 3043 1043 3105 unde
1060 3042 1182 3116 factam,
1200 3052 1232 3105 ut
1244 3043 1373 3125 plurima

85 3164 193 3225 menda
203 3184 220 3225 e
232 3163 435 3245 superioribus
447 3161 596 3224 bonafide
609 3169 747 3243 suscepta
757 3170 788 3223 et
796 3170 960 3244 propagata
971 3163 1002 3224 in
1012 3181 1096 3225 suam
1107 3163 1269 3225 editionem
1279 3170 1373 3224 trans-

84 3282 196 3358 ferret;
220 3290 251 3346 et
267 3281 411 3363 denique,
428 3283 507 3364 quod
521 3283 645 3345 maximi
663 3289 708 3344 est
725 3282 867 3345 momenti
883 3283 914 3344 in
932 3283 1021 3344 docto
1036 3282 1194 3364 scriptore,
1217 3289 1372 3364 poetarum

85 3422 202 3476 versus,
236 3403 345 3485 quihus
370 3410 510 3483 tanquam
536 3402 698 3464 luminibus
726 3402 891 3465 orationem
915 3421 999 3465 suam
1027 3401 1200 3464 Plutarchus
1225 3400 1372 3472 distinxit,

84 3543 145 3585 non
162 3522 232 3585 satis
253 3522 371 3584 curiose
388 3522 511 3582 rimatus
529 3530 573 3584 est
592 3528 624 3583 et
636 3522 839 3602 investigavit,
858 3541 957 3602 neque
974 3524 1111 3585 inventos
1127 3522 1255 3583 feliciter
1272 3538 1372 3581 emen-

85 3643 174 3704 davit
213 3643 298 3717 Quae
316 3640 378 3702 dixi
401 3640 564 3703 desiderari
582 3642 613 3702 iu
631 3641 937 3704 WllT'lEhBACllll
957 3641 1104 3733 editione,
1131 3663 1164 3703 ea
1188 3648 1248 3700 tam
1271 3637 1370 3717 gravia

23 3778 35 3794 “
84 3771 152 3825 sunt
169 3783 204 3824 ac
221 3780 347 3843 magna,
374 3768 408 3823 ut
428 3760 479 3843 qui
502 3779 597 3822 novae
619 3761 759 3824 editionis
779 3780 862 3843 spem
880 3759 1030 3843 fidemque
1051 3759 1158 3831 faciat,
1183 3765 1212 3819 et
1233 3757 1370 3819 codicum

84 3903 138 3962 por
157 3866 421 3964 Wyttenhachium
443 3879 649 3956 celatorum)
673 3881 772 3944 denuo
799 3880 970 3942 excutiendi
992 3880 1126 3943 laborem
1151 3896 1310 3941 aerumnae
1332 3897 1366 3936 ac

100 4170 128 4234 ⁸³)
146 4165 412 4239 Wyttenhachius,
430 4176 462 4223 ut
474 4165 619 4239 corriperi,
640 4167 774 4237 nouipsc
787 4167 846 4222 nisi
859 4164 895 4221 ad
908 4180 1019 4240 paucos
1030 4159 1140 4225 lihros,
1160 4159 1229 4215 dum
1239 4159 1370 4216 Lutetiae

150 4259 405 4327 corumorahatur,
424 4259 541 4316 codices
560 4262 686 4336 optimos
707 4257 747 4316 ihi
762 4269 929 4316 asservatos
945 4253 1079 4313 inanibus
1095 4256 1234 4310 tractarit
1249 4266 1278 4310 et
1298 4272 1372 4309 con·

149 4355 215 4410 tulit
233 4354 299 4409 aliis
317 4355 446 4429 negotiis
464 4357 611 4422 intentus,
631 4354 683 4409 sed
698 4353 816 4408 domum
832 4351 927 4408 redux
944 4351 1000 4405 hoc
1014 4365 1120 4403 uranus
1135 4347 1370 4422 Capperroniero

149 4445 307 4504 niundevit.
327 4445 385 4517 Qui
407 4464 493 4521 quam
510 4446 614 4521 supina
632 4447 810 4521 negligentia
833 4455 861 4500 et
879 4444 993 4500 incuria
1010 4438 1107 4498 officio
1126 4441 1242 4498 functus
1264 4440 1315 4504 sit,
1335 4455 1370 4491 ox

150 4541 223 4594 areis
242 4539 460 4597 commentariis
479 4541 620 4614 cognosci
637 4541 757 4612 poterii.
