3036 4994
97 350 100 361 .
154 293 157 299 ’
187 322 216 384 p.
236 300 285 365 63.
325 293 487 375 δεκτικὸν]
510 316 560 380 γρ.
585 291 745 374 δηκτικὸν.
784 289 917 379 ὁρῶσιν]
942 287 1055 376 ἐρῶσιν
1074 289 1101 368 ,1.

188 442 218 502 p.
238 415 287 484 ol.
323 419 437 505 μέρος]
461 410 572 506 ἵμερος
595 414 623 498 l.
663 414 746 491 anet]
769 409 816 477 ἔτι
835 411 862 494 .Ι.

188 560 218 620 p.
238 538 286 603 65.
324 534 424 622 ὑπὲρ]
446 533 508 600 iord
530 536 558 616 .Ι.
598 528 682 618 ἅμα]
706 533 761 598 καὶ
784 532 854 596 add.
877 532 905 612 ,1.

189 678 217 740 p.
237 657 284 722 67.
323 652 539 741 χαμνωτικὸν]
558 650 746 738 perorando.
760 653 788 734 ,1.
829 651 877 715 vel
896 652 990 732 magis
1008 650 1214 734 perverenda

188 799 217 859 p.
236 776 284 840 68.
322 771 503 859 βασιλεύων
523 771 581 851 ὡς]
603 771 842 856 βασιλευόντων
861 771 890 851 d.
916 770 1016 833 deleto
1037 769 1089 849 ὡς.
1126 772 1311 850 decoratur]
1341 773 1402 838 de-

110 896 214 960 onub'u
232 894 259 974 ,1.
298 891 439 980 χαλεπός
457 893 540 971 ἔστι]
560 889 618 957 οὐκ
634 893 725 957 inser.
746 891 776 972 ,1.
928 898 933 905 ’
1171 872 1175 877 ’

187 1038 281 1100 Porro
302 1037 478 1100 ALDINAM
497 1043 529 1099 et
547 1032 813 1098 BASILEENSEM
833 1035 1015 1108 editionem,
1042 1053 1116 1117 quas
1142 1036 1284 1101 videbam
1308 1037 1401 1101 multo

110 1157 230 1240 saepius
254 1176 345 1240 quam
366 1142 598 1237 Stephanianam
621 1172 690 1215 cum
707 1124 837 1236 {optimis
865 1154 948 1216 libris
973 1155 1165 1237 conspirare,
1194 1155 1352 1239 diligenter
1371 1158 1403 1220 in
1469 1170 1472 1175 “

109 1276 257 1339 auxilium
277 1274 400 1348 rocavi,
429 1281 461 1336 et
482 1293 560 1355 quae
578 1273 808 1347 XYLANDER,
834 1274 1026 1347 REISKIUS,
1052 1274 1105 1337 alii
1126 1274 1164 1337 ad
1185 1276 1403 1339 emendandam

111 1396 290 1477 scripturam
310 1392 513 1467 contulenml,
531 1413 597 1455 cum
613 1393 729 1455 ratione
746 1400 776 1454 et
790 1392 935 1475 religione
956 1413 1071 1457 summa
1092 1414 1163 1458 usus
1187 1415 1270 1469 sum,
1289 1390 1344 1458 sed
1365 1396 1403 1458 da

112 1493 286 1579 ARNOLDI
313 1513 508 1591 FERRONI*)
550 1514 700 1575 erroribus
728 1513 870 1593 mirisque
895 1514 1071 1575 commentis
1093 1514 1158 1576 lero
1185 1515 1275 1577 silere
1302 1516 1396 1578 satius
1491 1589 1494 1594 .

112 1635 195 1698 duni.
235 1635 289 1697 Ubi
317 1652 390 1696 vero
415 1633 536 1716 vulgata
566 1632 597 1694 in
623 1632 687 1695 vitii
717 1631 917 1713 suspicionem
946 1634 1074 1697 adducta
1101 1633 1173 1697 nihil
1197 1633 1299 1696 auxilii
1325 1642 1403 1697 atlu·
1471 1635 1475 1644 ’

112 1753 211 1817 leramt
226 1752 310 1826 libri,
336 1753 383 1815 vel
410 1754 553 1816 intactum
574 1752 681 1834 reliqui
701 1732 819 1836 marius
840 1752 948 1815 vulnus
970 1751 1020 1815 vel
1041 1773 1113 1817 raro
1130 1755 1309 1838 conjecturis
1326 1726 1413 1817 meis

110 1873 210 1935 subito
234 1873 384 1955 celerique
407 1880 495 1954 partu
514 1873 609 1946 natis,
637 1893 712 1954 quas
734 1872 797 1934 scio
816 1872 966 1954 judicibus
986 1872 1217 1955 intelligentibus
1240 1873 1404 1965 placuisse,

112 1993 213 2054 locum
237 1994 268 2054 in
289 2000 374 2055 textu
394 1993 560 2054 concedere
582 2011 672 2054 ausus
695 2009 780 2063 sum,
810 1991 901 2051 etiam
923 1989 1009 2070 plura
1036 1991 1100 2053 sola
1129 1992 1318 2074 conjecturae
1345 2011 1404 2074 ope

113 2112 293 2197 invenienda
308 2118 422 2201 restare
441 2111 691 2173 animadvertens.
714 2110 792 2169 'lum
812 2107 918 2170 sedulo
940 2127 1064 2189 operam
1083 2109 1173 2182 dedi,
1195 2116 1229 2170 ut
1248 2117 1406 2190 poetarum

100 2249 218 2293 ¹uersus
242 2231 370 2294 latentes
397 2249 536 2292 eruerem
558 2229 811 2312 investigatosque
833 2246 852 2289 a
878 2198 1152 2290 Plutarchi'verbis
1178 2247 1350 2310 separarem
1376 2235 1407 2288 et

115 2348 223 2410 melius
236 2368 327 2429 quam
341 2349 438 2411 adhuc
452 2348 564 2412 sactum
578 2354 655 2411 esset
669 2351 883 2413 constituerem
900 2355 932 2410 et
947 2332 1155 2426 emendarem3
1175 2367 1235 2429 quo
1249 2347 1281 2409 in
1296 2366 1407 2430 genere

115 2488 208 2550 quam
228 2468 321 2532 multa
334 2470 640 2533 WYTTENBACHII
655 2470 793 2531 notitiam
817 2469 973 2548 aciemque
993 2468 1165 2551 effugerint,
1184 2467 1255 2529 nolo
1276 2467 1325 2532 hic
1343 2486 1405 2530 am-

116 2588 224 2651 bitiose
243 2608 499 2663 commemorare,
518 2608 689 2671 quanquam
707 2588 835 2650 videbor
851 2587 1001 2649 nonnullis
1023 2608 1143 2650 omnem
1161 2587 1285 2649 modum
1302 2607 1406 2649 exces-

115 2709 199 2770 sisse.
237 2709 371 2789 Denique
391 2728 498 2791 quum,
523 2709 549 2770 si
572 2709 624 2790 qui
644 2707 719 2770 alius
741 2707 998 2788 liberetutarchi,
1017 2707 1155 2771 Eroticus
1173 2707 1305 2770 maxime
1325 2708 1406 2770 lacer
1474 2792 1477 2798 Ι

115 2835 147 2890 ot
164 2828 321 2891 lacunosus
339 2829 378 2891 ad
397 2837 529 2891 nostram
550 2836 679 2890 aetatem
695 2828 882 2910 pervenerit,
901 2835 935 2890 ut
952 2827 1099 2909 expleturi
1113 2827 1270 2903 idoneum,
1294 2828 1343 2890 oui
1359 2807 1420 2890 in·'

115 2947 297 3023 niterentur,
315 2948 461 3011 haberent
480 2948 721 3022 fundamentum,
739 2969 779 3011 ne
798 2948 871 3010 illud
891 2948 1011 3029 quidem
1031 2948 1069 3010 ab
1090 2948 1225 3012 instituto
1245 2965 1314 3009 meo
1335 2946 1406 3035 alie·

116 3088 188 3130 num
218 3070 330 3141 visum,
367 3068 586 3132 accuratissime
616 3070 761 3133 ambitum
792 3068 965 3131 lacunarum
997 3088 1015 3130 e
1043 3067 1128 3130 libris
1160 3068 1316 3146 indicare3
1348 3087 1409 3152 qua

118 3191 151 3250 in
182 3208 215 3250 re
244 3156 355 3250 licebat
383 3188 522 3252 admirari
554 3189 700 3271 insignem
733 3164 868 3272 priorum
902 3190 1052 3251 editorum
1083 3189 1235 3271 ipsiusque
1267 3190 1408 3274 Wytten·

119 3308 219 3371 bachii
257 3308 484 3390 negligentiam,
531 3310 583 3390 qui
617 3308 699 3390 prius
739 3309 776 3370 de
811 3309 1000 3372 resarcienda
1039 3311 1156 3393 jactura
1199 3309 1406 3392 cogitaverint,

120 3446 210 3509 quam
232 3434 375 3509 quantum
401 3437 493 3507 essct,
523 3430 604 3511 quod
630 3430 661 3491 in
686 3429 867 3523 membranis
887 3429 1022 3502 deesset,
1052 3430 1254 3512 cognoverint
1294 3428 1409 3504 Quibus

120 3548 259 3608 omnibus
278 3547 337 3608 hoc
357 3549 497 3610 effectum
524 3567 588 3610 esse
614 3549 722 3621 credo,
750 3556 784 3611 ut
807 3556 907 3612 textus
933 3570 951 3612 a
976 3569 1025 3611 me
1050 3556 1290 3632 repraesentatus
1315 3545 1409 3608 multo

121 3666 298 3748 locupletior
311 3674 341 3729 et
355 3668 541 3729 emendatior
552 3668 697 3749 prodierit
710 3668 843 3750 vulgata,
863 3689 1035 3752 quanquam
1053 3670 1085 3732 in
1104 3677 1187 3733 tanta
1206 3665 1410 3761 subsidiprum

121 3786 292 3848 criticorum
314 3789 440 3867 penuria
464 3794 494 3850 et
516 3789 663 3853 editonam
689 3788 840 3871 paucitate
858 3789 985 3870 plurima
1004 3797 1117 3854 restare
1137 3786 1324 3855 emendanda
1348 3804 1410 3847 non

121 3913 169 3966 cst
188 3902 368 3969 mirandum

137 4135 166 4198 *)
187 4131 314 4188 Arnoldi
339 4132 464 4188 Ferroni
482 4133 687 4206 interpretatio
710 4133 821 4201 latina,
854 4137 903 4191 cui
925 4133 1032 4191 breves
1055 4141 1143 4188 notae
1168 4128 1299 4203 adjectae
1325 4142 1411 4197 sunt,

188 4225 300 4300 prodiit
314 4225 367 4283 suh
386 4228 442 4281 hoc
459 4226 560 4282 titulo:
579 4225 736 4282 Plutarchi
749 4227 914 4284 Cboerouei
925 4228 1085 4289 Eroticus,
1103 4224 1412 4298 InterpreteAruolalo

189 4323 325 4378 Ferrono
348 4320 564 4391 Burdigaleuri
593 4317 688 4390 Regio
716 4320 897 4377 corasiliurio
931 4321 974 4376 ad
1000 4319 1198 4377 Frurrciacum
1226 4317 1413 4393 Nomporem

190 4414 448 4472 Caulmorur'ouum
461 4413 614 4485 Regulum.
632 4411 773 4484 Lugduni
787 4414 874 4488 Apud
883 4413 972 4470 Joau.
987 4410 1195 4468 Tornaeaium.
1215 4411 1254 4468 Μ.
1266 4412 1305 4468 Ι).
1317 4411 1414 4468 LVlli

189 4506 277 4564 Hune
301 4507 409 4563 librum
435 4506 485 4562 diu
509 4506 623 4561 frustra
648 4508 843 4581 anquisitum,
882 4505 999 4562 tandem
1026 4522 1041 4559 e
1066 4501 1245 4560 bibliotheca
1267 4504 1416 4567 Bernens,

191 4600 389 4657 intercedente
420 4601 499 4660 Guil.
528 4601 654 4657 llliillero
681 4619 763 4670 meo,
796 4602 846 4676 qni
872 4616 951 4654 nunc
976 4615 1043 4653 curn
1066 4597 1151 4654 laude
1177 4597 1292 4653 Bernae
1321 4595 1414 4650 bonas

188 4695 290 4752 literas
315 4695 419 4760 docet,
445 4695 574 4752 oblatum
600 4694 732 4751 intellexi
755 4695 842 4769 plane
866 4690 998 4748 inutilem
1018 4709 1093 4751 esse.
1360 4693 1367 4706 ⁴
