3036 4994
1304 191 1391 259 ‚245

114 348 201 407 batur
228 347 246 418 d
268 343 431 433 βασιλεύοντα
455 352 554 404 lustror.
588 344 761 403 structurae
783 346 860 401 ratio
877 361 949 425 nou
969 344 1049 415 fallet
1062 355 1222 431 attentum.
1255 339 1331 405 Nam
1353 350 1391 407 ad

113 440 247 515 βασιλεύων
265 440 457 515 supplendum
471 447 581 511 βεβίωκε.
604 439 682 496 Vide
701 437 853 495 Matthiaei
871 435 924 493 Gr.
945 435 996 492 Gr.
1012 455 1046 511 Ρ.
1057 434 1116 501 841.
1152 431 1195 496 De
1207 441 1390 518 Vespasiano

106 534 200 608 paulo
212 535 340 609 iniquius
363 533 429 591 tulit
444 533 618 588 Plutarchus
635 531 786 606 judicium,
807 529 884 585 haud
905 528 990 585 dubie
1013 531 1090 605 quod
1107 531 1248 592 Graeciae
1266 535 1390 594 liberta·
1477 571 1479 579 ›

114 637 175 682 tom
195 647 211 682 a
228 626 345 682 Nerone
367 624 508 681 tributam
523 644 626 689 rursus
646 624 765 688 ademit,
792 643 820 678 v.
841 608 969 681 lleiiltar.
990 622 1027 678 ad
1052 624 1139 681 Dion.
1160 625 1243 686 Cass.
1267 640 1391 704 Ρ,1004,

116 718 214 788 Quare
228 721 259 774 in
275 717 352 774 libro
370 717 405 773 de
422 720 554 774 &aterno
571 735 670 774 amore
687 735 716 790 p.
729 723 779 774 488
795 719 832 772 A.
850 713 929 776 οὕτως
945 713 1136 786 ἐξηγριώθησαν
1150 725 1193 773 καὶ
1207 720 1391 794 διεφθάρησαν,

114 809 177 866 οἷστε
199 811 299 866 πάντων
319 810 497 884 ἀφαιρεθέντες
518 809 577 866 ὑπὸ
600 811 660 866 τοῦ
685 807 848 883 τυραννον
869 815 912 862 καὶ
931 805 1041 879 φυγάδες
1059 815 1103 865 καὶ
1121 818 1220 881 πένητες
1235 843 1268 855 -
1284 834 1392 889 propa-

114 903 172 958 lein
197 904 271 960 dixit
290 905 508 978 Vespasianum
527 913 687 977 tyranuum
709 903 857 976 mirorque
879 900 999 956 Reiskio
1025 901 1081 956 hoc
1104 902 1275 961 incredibile
1297 909 1392 964 visum

114 1006 144 1050 et
165 998 366 1053 Domitianum
382 994 546 1072 significari
563 1007 700 1056 statuere.

622 1169 725 1254 Caput
744 1173 877 1235 XXVI.

180 1351 209 1406 Ρ.
228 1339 278 1397 70,
296 1339 323 1389 2.
359 1331 489 1398 Θεσπιῶν]
524 1337 649 1387 θεσπιέαν
666 1331 697 1387 Β.
714 1331 747 1388 Ε.
763 1332 832 1392 Ald.
852 1333 917 1393 Bas.
954 1334 1029 1389 Tum
1047 1330 1117 1389 οὖσιν
1133 1333 1253 1407 reposui
1270 1351 1286 1389 e
1303 1333 1339 1390 Β.
1358 1334 1394 1392 Ε.

113 1442 169 1499 pro
186 1424 264 1499 vulg.
285 1421 349 1478 οἶσι.
439 1488 448 1505 ⁸

181 1593 210 1648 p.
228 1577 274 1639 7⁰,
292 1579 317 1630 ³.
352 1574 450 1628 θῦτταν
465 1571 483 1642 ἢ
498 1571 597 1644 βάδην]
632 1573 709 1631 Plut.
728 1576 780 1633 vit.
802 1573 911 1634 [oriol.
931 1593 958 1633 c.
976 1573 1126 1635 XXXIV.
1144 1572 1189 1630 οὐκ
1204 1581 1260 1645 έτλη
1280 1577 1392 1639 καθεζο-

113 1674 178 1740 γτένρι
195 1655 359 1739 προσελθεῖν,
387 1659 450 1719 ἄλλα
468 1662 579 1734 καταβὰς
594 1665 721 1719 θᾶττον
736 1663 755 1736 ἢ
769 1665 880 1736 βάδην.
914 1666 949 1723 de
966 1668 1034 1725 fort.
1055 1667 1216 1726 Alexandr.
1233 1686 1262 1741 Ρ.
1284 1672 1335 1725 3³4
1349 1669 1389 1728 A.

114 1760 214 1832 Symp.
234 1758 353 1829 Quaest.
371 1755 457 1823 VIII,
476 1765 501 1814 6.
524 1775 554 1830 Ρ.
573 1759 622 1813 726
638 1755 676 1815 Α.
700 1767 729 1812 et
751 1756 788 1815 al.
807 1776 906 1831 praec.
928 1758 1053 1834 reipubl.
1077 1778 1140 1836 ger.
1167 1780 1197 1834 p.
1216 1767 1265 1818 817
1284 1762 1320 1818 Α.
1349 1763 1393 1813 καὶ

112 1854 162 1908 τῶν
187 1850 268 1907 ἄλλων
290 1849 305 1904 ὁ
330 1847 494 1920 αληθεὶςού
513 1847 616 1919 βάδην
638 1847 790 1921 ὑπήκουεν,
806 1849 869 1906 ἄλλα
892 1852 997 1924 δρόμῳ
1023 1860 1066 1908 καὶ
1088 1853 1212 1928 σπουδῇ
1237 1849 1272 1907 δι’
1298 1849 1392 1924 ἆγορᾶς

111 1954 224 2007 θέοντες.
257 1943 419 2000 Menander
436 1961 483 2016 ap.
501 1943 597 2014 Etym.
616 1941 659 2003 Μ.
677 1960 707 2018 p.
726 1950 790 2011 184,
807 1950 851 2001 48.

381 2057 411 2114 τὸ
429 2059 459 2128 δι’]
477 2055 609 2130 λεγόμενον
624 2060 717 2126 τοῦτο,
735 2059 866 2113 θᾶττον
881 2055 899 2128 ἢ
913 2059 1024 2130 βάδην.

113 2179 187 2236 Vide
210 2196 284 2255 quos
307 2177 447 2234 excitavit
463 2175 589 2233 Meinelz.
607 2194 637 2250 p.
659 2180 718 2232 268.
753 2171 898 2232 Abresch.
915 2174 983 2234 leet.
1000 2177 1180 2235 Aristaenet.
1197 2195 1228 2250 p.
1245 2181 1307 2236 267.

180 2347 211 2402 Ρ.
229 2333 275 2396 tt,
293 2331 321 2385 4.
357 2323 388 2382 οὗ
404 2323 514 2398 πόλεμον
529 2347 557 2396 γι
573 2351 605 2372 ·-
622 2321 799 2397 ἀπαγγέλλων]
833 2324 908 2380 Plat.
925 2324 1050 2382 Phaedr.
1069 2345 1098 2400 p.
1116 2331 1166 2384 242
1183 2325 1219 2386 Β.
1245 2323 1282 2380 οὐ
1297 2298 1391 2381 πόλε-

113 2419 173 2492 γιόν
194 2444 223 2491 γε
242 2418 415 2492 ἀγγέλλεις.
449 2419 483 2476 de
500 2417 575 2494 legg.
594 2417 650 2477 ΙΙΙ.Ι
674 2438 703 2492 Ρ.
723 2423 773 2478 702
790 2417 823 2474 Β.
846 2437 932 2492 prov.
958 2429 1003 2475 est
1028 2419 1063 2475 de
1083 2419 1137 2487 iis,
1165 2420 1215 2495 qui
1228 2403 1338 2489 fdusta
1363 2433 1391 2473 ιι.

113 2516 192 2570 loeta
209 2511 365 2579 τιαιιιίατιι,
389 2511 456 2571 coll.
478 2509 569 2586 Gorg.
588 2511 653 2571 init.
688 2510 763 2567 Tum
780 2512 812 2566 iu
829 2512 985 2585 participio
1008 2512 1070 2568 noli
1089 2512 1210 2569 haerere
1233 2510 1391 2585 ἀπαγγέλλων

114 2625 158 2665 se.
177 2612 205 2662 εἶ.
239 2605 368 2666 Plaude
385 2605 460 2680 legg.
479 2604 561 2661 VIII.
580 2623 609 2677 Ρ.
628 2610 679 2664 839
695 2603 731 2663 Β.
754 2603 841 2674 ὀρθῶς
855 2628 883 2676 γε
900 2603 936 2662 σὺ
956 2606 1054 2678 δρῶν,
1082 2606 1148 2664 coll.
1173 2605 1222 2662 IV.
1238 2625 1268 2681 p.
1288 2614 1337 2666 713
1354 2605 1390 2664 Β.

114 2699 154 2762 Χ.
177 2720 206 2774 Ρ.
224 2706 273 2758 901
293 2703 332 2758 A.
366 2699 440 2756 Vide
460 2698 525 2755 Ast.
545 2695 586 2755 ibi
606 2718 635 2773 p.
651 2704 713 2758 211.
744 2697 916 2758 Stallltaum.
936 2698 972 2755 ad
990 2699 1128 2775 Sympos.
1146 2719 1175 2774 p.
1193 2706 1226 2759 26
1243 2719 1288 2775 sq.

180 2867 210 2922 Ρ.
228 2856 276 2917 70,
295 2852 321 2907 6.
355 2846 401 2904 οὖν
415 2845 584 2922 εὐφημήσετε]
618 2848 712 2904 Etiam
733 2849 765 2904 In
781 2848 827 2905 his
841 2847 927 2904 facile
945 2830 1089 2922 agnoscas
1108 2848 1293 2905 Platonicum
1309 2847 1392 2904 colo-

113 2960 187 3002 rem.
222 2941 362 3018 Sympos.
385 2960 415 3016 Ρ.
433 2949 482 3000 201
501 2941 537 3001 Ε.
572 2939 666 3011 καὶῆ,
689 2936 747 2996 οὖν
771 2938 993 3013 εὖφημὴστιςγ
1016 2948 1072 3013 έφη.

180 3109 209 3165 Ρ.
229 3097 277 3158 70,
295 3098 321 3150 5.
357 3087 453 3162 φάναι]
477 3090 564 3162 ’φῖιναι
580 3092 614 3149 Β.
630 3087 667 3147 Ε.
685 3088 753 3148 Ald.
773 3089 841 3147 Bas.

180 3260 211 3315 Ρ.
227 3247 274 3307 70,
293 3245 320 3299 7.
354 3245 478 3312 ἒρέσθαι,
507 3243 528 3295 εὶ
550 3245 587 3295 ἔτι
609 3237 717 3306 χαλεπός
738 3237 809 3307 ἐστι]
853 3241 898 3296 Ita
923 3238 1080 3313 Wyttenh.
1106 3258 1205 3297 veram
1234 3240 1391 3296 lectionem

114 3331 284 3398 constituit,
311 3330 426 3404 adjutus
450 3330 484 3386 F..
513 3331 544 3385 iu
567 3348 626 3405 quo
648 3340 694 3386 est
719 3332 847 3406 ἐρᾶσθαι,
863 3339 901 3387 ἔτι
922 3331 1030 3400 χαλεπός
1054 3340 1120 3400 εστι,
1150 3343 1267 3389 vertens
1289 3344 1389 3389 recte:

113 3423 311 3501 quaesivisse,
337 3442 377 3478 στι
396 3422 503 3479 Pisias
526 3423 623 3479 adtiuc
641 3439 831 3481 succenseres.
866 3425 967 3498 Vulgo
989 3426 1086 3500 inepte
1105 3425 1256 3502 legebatur
1275 3424 1392 3502 ὁρᾶσθαι

114 3516 156 3573 ὅτι
171 3546 216 3572 -.
250 3517 343 3573 Turn.
362 3514 452 3574 Vulc.
472 3525 501 3572 et
519 3518 612 3591 Bong.
630 3513 747 3587 ὁρᾶσθαι
763 3515 804 3572 ὅτι
817 3515 927 3586 χαλεπὸς
943 3514 988 3574 οὖν
1004 3525 1064 3574 ἔστι.

180 3711 211 3767 p.
229 3697 277 3758 70,
294 3693 321 3758 8.
352 3687 386 3752 ὃς
401 3689 473 3758 ἐνῆν]
507 3687 669 3746 DIffioilius
683 3701 729 3746 est
750 3689 842 3758 dictu,
865 3709 922 3766 quo
939 3701 1026 3766 pacto
1045 3694 1117 3749 haec
1140 3702 1276 3766 oporteat
1292 3710 1391 3749 eureu-

114 3783 188 3844 dari.
224 3784 259 3839 In
285 3782 318 3839 E.
341 3791 386 3837 est
408 3783 517 3838 omisso
541 3781 574 3847 ὥς
595 3783 690 3839 solum
713 3792 738 3840 έν
758 3783 790 3854 ἧς
817 3784 893 3840 unde
916 3784 1073 3858 Wytteub.
1097 3785 1305 3862 corrIgendum
1327 3804 1393 3842 esse

114 3881 156 3935 nit
176 3885 231 3951 έφη.
265 3875 408 3952 Equidem
430 3878 557 3949 conjicio
579 3878 677 3950 πρῶτος
691 3884 737 3948 μὶν
761 3876 822 3945 οὖν,
847 3873 884 3941 ὥς
900 3885 1032 3948 ένέστη,
1059 3878 1213 3952 συνεχώρησε
1229 3878 1260 3951 τῇ
1275 3876 1392 3948 Ἰσμηνο-
1503 3902 1508 3911 ¹

114 3969 193 4045 σῶρα,
209 3970 264 4025 hac
284 3969 445 4037 sententias
464 3967 527 4025 imo
540 3969 670 4043 primus,
688 3984 718 4024 ut
735 3984 823 4024 antea
839 3969 998 4026 reluctatus
1014 3985 1075 4037 est,
1094 3970 1139 4027 τία
1156 3987 1233 4024 sturio
1248 3969 1395 4025 concessis

115 4062 336 4120 Ismenodoroe.
371 4061 466 4135 Supra
483 4080 513 4136 p.
534 4068 583 4119 749
603 4061 637 4122 F.
672 4057 732 4116 ist
748 4069 854 4125 Πεισίας
873 4060 1061 4132 αὐστηρότατος
1075 4064 1125 4117 τῶν
1144 4061 1266 4132 έραστιῖν·
1293 4061 1393 4116 διὸκαὶ

114 4153 179 4226 πρὸς
195 4155 243 4209 τὸν
263 4155 344 4227 γάμον
361 4150 511 4224 ἀντέπραττε
528 4160 571 4210 καὶ
589 4153 736 4226 καθήπτετο
755 4156 801 4211 τοῦ
819 4153 981 4227 Ἀνθεμίωνος
1000 4151 1033 4216 ὦς
1055 4163 1206 4227 προϊεμένου
1227 4154 1258 4226 τῇ
1280 4153 1392 4226 Ἰσμηνο-

116 4246 185 4318 δώρα
206 4244 236 4300 τὸ
255 4247 386 4320 μειράκιον.
420 4246 458 4303 ib.
478 4247 513 4306 E.
540 4246 692 4310 σκώπτοντες
711 4252 886 4322 ἐργωδέστεροι
908 4248 957 4303 τῶν
974 4243 1025 4303 Iul
1046 4248 1158 4317 σπουδῆς
1174 4253 1393 4318 ἐνισταμένων

116 4336 182 4409 ἦσαν
207 4336 387 4409 ἀνταγωνισταὶ
411 4343 473 4416 πρὸς
497 4339 541 4397 τὸν
563 4341 652 4413 γάμον.
694 4341 739 4397 De
765 4340 856 4399 verbo
885 4348 1035 4397 ἐνίστασθαι
1064 4337 1221 4404 cohibere,
1256 4337 1394 4395 resistere

117 4440 241 4507 egerunt
264 4431 416 4504 Wytteuh.
437 4435 475 4492 ad
496 4434 573 4504 Plut.
597 4434 632 4492 de
657 4434 729 4493 disc.
751 4435 829 4497 adul.
854 4433 891 4491 ab
913 4435 998 4490 amic.
1021 4451 1051 4506 p.
1076 4438 1110 4491 62
1129 4431 1162 4490 Β.
1186 4441 1215 4486 et
1233 4431 1336 4494 Baehr.
1357 4431 1394 4488 ud

117 4525 299 4600 Philopoem.
317 4546 347 4597 Ρ.
364 4531 408 4586 ⁴0.
