3036 4994
182 227 241 293 288

170 382 261 444 'Bibl
277 387 337 443 272.
364 401 393 457 p.
414 388 472 442 838.
507 381 590 440 Suid.
617 400 641 442 s.
656 379 750 452 χελόνη
769 380 805 441 Τ.
825 381 880 439 111.
905 387 1017 471 11688.
1052 378 1153 440 Schol.
1169 379 1223 437 Ar.
1246 378 1335 440 Plut.
1357 395 1406 437 us.
1420 381 1470 437 tta.

181 496 210 539 v.
229 474 351 536 Jacobs.
377 477 437 534 Die
458 475 610 536 Hetaereu
631 495 661 551 p.
682 483 735 535 484
751 484 782 533 et
798 482 848 535 ⁴11
868 494 913 550 sq.
1375 510 1380 517 ·

244 645 274 700 ρ.
293 633 341 692 58,
360 633 403 686 27.
439 624 608 698 ἀνδροφόνου]
632 645 707 700 quae
725 624 861 681 homines
878 623 999 681 occidit.
1033 622 1090 679 Hic
1105 624 1165 680 loci
1180 620 1246 694 οἷνήρ
1263 636 1381 678 sexum
1395 618 1469 672 feni-

177 720 281 776 ninum
312 738 373 775 non
402 719 552 787 excludit,
590 719 641 775 sed
671 719 758 776 simul
793 718 998 791 complectitur
1029 727 1123 795 toltum
1153 733 1263 771 nornen
1300 713 1469 769 humanum.

176 810 371 870 REISKIUS.
404 811 495 868 Rccte
510 812 660 879 Reiskius,
680 830 776 888 neque
795 809 889 886 probo
904 809 1120 866 Hemsterhusii
1135 808 1172 865 ad
1189 807 1294 866 Schol.
1316 805 1470 888 Aristoplr.
1507 828 1509 837 ·

176 905 199 966 l.
221 924 246 961 c.
272 904 431 979 judicium,
462 907 513 981 qui
534 906 615 963 illam
633 903 795 979 ἀνδροφόνου
818 904 1042 980 appellationem
1068 904 1129 968 rei,
1155 902 1241 974 cujus
1268 897 1472 973 designandae
1507 908 1509 913 '

176 1016 266 1055 causa
290 999 346 1055 fnit
367 1001 523 1073 imposita,
549 1000 709 1055 convenire
734 1016 845 1072 negans
870 997 941 1053 illud
964 998 995 1052 iu
1024 993 1195 1066 όνοοιοφόνου
1227 989 1471 1048 commutandum

158 1080 302 1149 ‘censuit
340 1093 397 1149 Sed
417 1093 483 1148 vide
495 1092 658 1150 Hermann.
675 1091 712 1148 ad
730 1092 831 1166 Viger.
854 1110 883 1164 p.
903 1096 963 1149 122.
997 1088 1125 1158 Ehnslei.
1144 1086 1181 1142 ad
1196 1085 1310 1160 Eurip.
1329 1083 1415 1144 Med.
1432 1101 1471 1141 vs.

177 1194 241 1248 658.
278 1185 417 1243 Wunder
430 1185 468 1242 ad
486 1182 577 1260 soph.
597 1184 670 1243 Oed.
691 1184 754 1242 cot.
773 1203 816 1240 us.
830 1188 890 1243 565.

244 1353 273 1407 p.
291 1340 339 1402 58,
356 1340 399 1392 29.
434 1334 481 1388 τοῦ
499 1329 671 1414 καλουμένου]
705 1333 751 1389 Ita
768 1351 836 1389 cum
852 1331 976 1391 Hutten.
993 1331 1072 1389 edidi
1091 1331 1302 1403 cconjecturu
1316 1326 1472 1401 Xylandri,

177 1447 265 1504 qnam
283 1427 448 1500 probavere
469 1429 559 1484 etiam
579 1426 677 1495 Reisk.
699 1438 730 1484 et
750 1424 906 1500 Wyttenb.
943 1423 1127 1502 Vulgabatur
1144 1425 1247 1498 inepte
1263 1421 1320 1478 τοῦ
1341 1422 1432 1478 uului.
1447 1451 1474 1465 ·-

176 1516 327 1589 δικτάτορος
344 1520 375 1574 Β.
532 1584 534 1589 ,
1507 1542 1509 1579 t

241 1685 270 1739 p.
289 1674 341 1733 58,
360 1671 403 1725 30.
437 1664 578 1728 uelutillut·
595 1662 751 1739 ἇρχόιςτοὺς
769 1672 886 1736 ἴχοντας]
923 1665 969 1721 Ita
988 1666 1122 1739 reposuit
1144 1660 1317 1738 Wyllenb.
1338 1680 1377 1719 ex
1394 1661 1430 1718 Β.
1447 1662 1475 1717 R

173 1758 309 1834 idemque
327 1760 455 1833 conjecit
469 1759 568 1819 Reisk.
603 1760 703 1835 Vulgo
719 1761 778 1823 νοῦς
795 1758 873 1824 ἄλλοις
893 1757 974 1835 όρχός
993 1767 1102 1828 ἔχοντος.
1120 1759 1221 1816 Etiam
1239 1757 1318 1817 Ald.
1340 1759 1476 1816 118811-

173 1849 246 1907 bent
261 1852 307 1916 τὰς
323 1852 401 1916 ἄλλοις
416 1883 462 1907 -.

240 2018 269 2075 p.
290 2007 341 2067 58,
366 2006 410 2060 32.
445 2000 535 2074 ἄφετοι
557 2002 675 2078 καθάπερ
698 2002 855 2078 ἱερόδουλοι]
901 2003 983 2075 Quos
1010 2003 1143 2059 homines
1172 2000 1271 2059 Amor
1301 2005 1470 2078 occupavit,

174 2091 323 2167 eleganter
340 2095 387 2169 hic
406 2095 581 2153 Plutarchus
602 2108 754 2170 comparat
771 2116 837 2153 cum
854 2098 950 2154 servis
967 2096 1026 2153 illis
1047 2097 1140 2152 sacris
1161 2096 1320 2165 addictis,
1341 2099 1394 2175 qni
1408 2097 1469 2154 reli-

176 2187 242 2261 quis
260 2185 396 2243 omnihus
417 2187 544 2244 dominis
562 2189 653 2247 liberi
669 2191 815 2266 solutique
831 2190 953 2262 (ἄφετοι)
970 2191 1092 2247 deornm
1108 2191 1282 2247 ministerio
1306 2193 1344 2248 in
1365 2191 1466 2263 templis

175 2299 207 2337 sc
228 2279 415 2347 dicaverunt,
445 2280 689 2354 quemadmodum
711 2281 794 2354 ἄφετοι
816 2281 953 2338 dicuntur
971 2284 1107 2339 animalia
1125 2302 1230 2350 sacra,
1258 2301 1347 2360 quac
1369 2282 1462 2339 numiui

174 2371 263 2427 alicui
278 2383 450 2427 consecrata
471 2374 676 2448 communique
694 2375 761 2429 usui
779 2385 893 2429 exemta
906 2373 998 2430 libere
1016 2376 1120 2450 vagari
1136 2374 1351 2449 patiebantur.
1385 2376 1464 2449 sapa

175 2480 201 2521 c.
220 2463 302 2522 XVI.
320 2483 349 2537 p.
369 2472 418 2521 758
436 2465 474 2522 D.
499 2463 577 2537 μόνον
594 2470 621 2521 δὲ
637 2463 815 2539 adalpertum,
833 2465 915 2538 οἷσπερ
932 2469 1077 2540 δυσιεροῦν,
1095 2463 1198 2524 όνόοιον
1215 2474 1262 2523 καὶ
1284 2466 1465 2527 dotorum

174 2552 322 2626 ἇφεῐοοιι.
355 2557 422 2612 coll.
442 2557 549 2614 Solent.
568 2559 656 2615 anim.
676 2576 705 2630 p.
725 2558 832 2617 9811).
869 2558 1013 2630 Aeschyl.
1032 2559 1183 2615 Prometh.
1202 2577 1248 2620 vs.
1270 2568 1341 2623 687.
1376 2562 1466 2635 Eurip.

175 2645 244 2706 lon.
267 2666 310 2706 vs.
324 2653 382 2707 822.
418 2647 572 2722 Wyttenb.
592 2650 629 2705 ad
642 2648 719 2704 Plut.
738 2649 773 2704 de
792 2649 875 2704 educ.
894 2668 978 2722 puer.
997 2669 1027 2724 p.
1041 2657 1073 2709 12
1091 2652 1129 2707 Α.
1164 2651 1331 2711 Heindorf.
1352 2654 1391 2711 ad
1400 2654 1468 2711 Plat.

176 2740 295 2815 Protag.
316 2760 344 2815 p.
363 2746 422 2810 581.
458 2741 598 2797 Similiter
615 2740 756 2796 loca‘diis
775 2751 947 2796 consecrata
966 2752 1035 2798 sunt
1057 2741 1186 2816 διειμένον,
1211 2763 1241 2804 v.
1260 2728 1415 2806 Valcken.
1437 2746 1467 2802 ad

174 2833 403 2895 Herculius.
437 2833 534 2891 Kuhn.
558 2833 595 2890 ad
612 2832 723 2889 Polluc.
745 2833 774 2901 Ι,
802 2841 836 2900 8,
863 2841 905 2893 38.
940 2832 1059 2891 Jacobs.
1083 2836 1242 2896 Animadv.
1270 2842 1404 2898 Anthol.
1430 2841 1464 2896 Il.

90 2994 93 3003 Ι
174 2928 214 2985 11.
242 2949 271 3003 p.
290 2935 348 2989 ³75.
385 2931 454 2986 lutt.
473 2929 510 2985 ad
528 2927 618 3000 Soph.
642 2925 690 2999 Aj.
718 2945 763 2985 vs.
783 2933 860 2986 1188.
895 2927 953 2983 Sed
975 2938 1071 2985 tamen
1095 2931 1188 2986 miror
1210 2934 1342 2990 Astium
1371 2937 1422 3011 qui
1440 2935 1467 2990 in

174 3021 250 3079 Plat.
273 3022 308 3078 de
327 3023 402 3097 legg.
426 3020 477 3080 Vl.
502 3041 529 3094 p.
551 3019 652 3078 16111.
680 3026 703 3074 εἴ
719 3026 807 3075 τόπου
825 3017 899 3082 ἄλσος
918 3017 935 3088 ἦ
953 3028 1054 3093 τέμενος
1074 3029 1133 3095 περὶ
1147 3022 1230 3079 ταῦτα
1252 3021 1468 3100 ἆφειμένονῇ

174 3117 306 3181 correxit
322 3113 464 3186 ἀνειμένον,
491 3130 551 3167 non
575 3129 640 3166 esse
657 3111 846 3167 recordatum
861 3110 946 3168 criti.
961 3132 991 3187 p.
1011 3121 1061 3172 116
1079 3114 1112 3173 C.
1139 3113 1206 3189 ἱερὸν
1226 3113 1306 3189 εἴριον
1324 3150 1358 3162 -
1378 3119 1467 3192 ἄροτον

174 3203 298 3278 cipetra.
333 3205 438 3264 Obiter
454 3221 576 3271 moneo,
595 3205 626 3259 iu
643 3203 718 3260 Plat.
740 3204 775 3259 de
794 3204 872 3279 legg.
892 3204 912 3264 l.
932 3223 958 3263 c.
976 3206 1063 3279 paulo
1079 3217 1148 3280 post
1165 3209 1395 3269 emendandum
1408 3231 1466 3268 esse
1506 3242 1509 3281 t

173 3305 216 3354 aul
235 3297 321 3360 πόνοις
342 3303 477 3370 τετρυμένα
500 3307 643 3370 γεωργικοῖς
666 3294 771 3369 σώματα
795 3301 943 3370 δεχομένους
973 3294 1077 3370 εὖμενῶς
1102 3300 1191 3371 ἰατροῦ
1221 3305 1314 3364 δέξιν
1338 3304 1377 3377 μὴ
1408 3304 1467 3362 πάνυ

150 3372 152 3377 ¹
174 3392 257 3462 σοφοῦ
272 3395 389 3463 βελτίονα
406 3390 486 3460 συχνῷ
511 3409 567 3464 pro
586 3391 705 3467 vulgato
724 3388 751 3447 δ’
770 3394 837 3460 ἕξιν,
861 3391 928 3450 coll.
953 3392 1057 3467 Eurip.
1079 3392 1175 3468 Iphig.
1195 3394 1267 3452 Aul.
1290 3416 1341 3459 vs.
1361 3396 1438 3460 118¹.
1506 3372 1509 3407 Ξ

473 3529 512 3604 tp’
530 3530 547 3607 ᾗ
564 3529 587 3587 o’
603 3532 649 3604 1γὼ
666 3539 709 3589 καὶ
724 3538 812 3596 παῖδες
829 3541 856 3589 αἱ
872 3538 1023 3605 λελειμμένοι
1083 3559 1086 3563 ’

474 3624 644 3697 δεξόμεθα
663 3631 764 3693 δέξιν,
781 3625 812 3696 ἤν
829 3648 856 3683 σε
873 3631 1000 3689 δέξασθαι
1013 3626 1108 3701 χρεόν,

172 3766 245 3853 l’lat.
265 3766 300 3822 de
319 3766 394 3842 legg.
413 3766 470 3825 IV.
491 3771 521 3842 p.
538 3775 587 3828 7⁰5
608 3771 646 3826 D.
673 3768 709 3826 V.
726 3788 755 3843 p.
773 3773 823 3826 742
840 3767 875 3826 Ε.
911 3765 1014 3834 Stallb.
1033 3768 1071 3826 ad
1086 3770 1195 3830 Phaed.
1217 3792 1248 3847 p.
1267 3782 1334 3834 202.
1376 3779 1466 3836 Beru-

171 3859 277 3933 bardy.
299 3860 385 3935 Synt.
405 3883 435 3937 p.
455 3869 514 3922 122.
532 3893 566 3907 ·-
585 3863 630 3920 De
647 3862 781 3936 ἐλεύθεροι
797 3882 822 3919 c.
839 3865 929 3939 genit.
947 3864 1013 3922 vide
1026 3864 1172 3926 Valcken.
1189 3864 1227 3921 ad
1246 3866 1325 3935 Eur.
1342 3871 1464 3949 Hippol.

174 3972 218 4015 vs.
238 3961 314 4015 1458.
1008 3994 1010 3999 ⁴

238 4127 268 4182 p.
286 4111 336 4177 58,
355 4113 398 4167 85.
432 4109 619 4181 συγκραθεῖσα]
654 4108 818 4182 ουριιραιιῖυοι
835 4107 903 4165 Atd.
923 4107 988 4165 Bos

694 4307 799 4390 Caput
819 4308 930 4373 XXII.

219 4485 269 4554 ⁸p.
293 4474 347 4536 88,
374 4477 400 4531 2.
444 4467 603 4543 ὁμοχόρους]
653 4468 699 4525 Ita
730 4466 821 4547 edidit
855 4467 1012 4541 Wytteuh.
1048 4488 1063 4525 e
1098 4468 1210 4531 Schott.
1246 4490 1304 4547 pro
1342 4479 1468 4556 vulgatu

171 4581 324 4634 ομοχυιρους.
