3036 4994
1211 228 1213 232 “
1285 212 1347 279 189

59 360 201 419 Ceterum
219 358 372 437 Wyttenb.
393 371 444 420 aut
461 360 618 439 legendnm
630 360 730 441 Ἀνταν
749 366 777 421 a
794 361 842 437 ἦν,
859 374 909 423 ant
926 365 1021 424 totum
1036 366 1094 425 hoc
1111 366 1149 425 ad
1166 367 1284 445 ἱστόρησε
1299 372 1348 429 in·

60 457 162 513 sitium
184 454 350 513 habendum
369 457 493 515 censuit.
529 457 618 513 Prior
634 460 712 515 ratio
729 457 820 515 multo
839 456 1021 534 probabilior
1038 471 1093 518 cst.

126 621 157 676 p.
175 607 222 670 88,
241 608 283 662 12.
317 608 345 661 ἐν
361 613 415 667 cole
432 608 540 672 αίτίοις]
575 600 665 661 Forte
688 609 778 668 αἰτίοις
802 606 834 661 iu
858 602 1099 681 quaestionibus,
1123 606 1175 666 ubi
1199 620 1349 666 certarum

59 712 159 751 rerum
182 714 287 753 causae
307 707 513 771 exponuntur,
539 699 616 754 sicut
635 699 667 754 in
687 696 880 773 problematis
898 699 1068 764 Plutarchi,
1098 718 1172 775 quae
1188 703 1273 757 αέτιόν
1291 720 1349 758 no·
1375 764 1381 777 ,

58 789 138 844 mine
155 790 253 862 ipsum
269 790 360 847 citare
380 808 434 846 suo
451 791 518 847 loco
536 793 647 851 monui.
684 790 915 850 XYLANDER.
951 801 976 849 ἐν
992 802 1045 855 τοῖς
1059 789 1154 856 δηίοις
1170 792 1206 850 Β.
1225 794 1261 855 E.
1278 794 1350 855 Ald.

58 881 128 940 Bas.
162 881 239 938 Vere
258 884 389 939 correxit
399 876 581 957 Xylander.'
599 884 785 959 Scriptores,
804 885 855 959 qui
875 890 946 940 αἴτια
963 885 1149 958 scripserunt
1164 885 1184 943 i.
1198 901 1223 941 e.
1242 903 1350 944 causes

58 972 215 1030 variorum
225 973 420 1045 fabularum,
438 976 551 1032 rituum
568 991 596 1032 et
614 977 830 1052 antiquitatum
846 964 998 1033 recensuit
1014 974 1132 1036 Fabric.
1144 975 1180 1036 Β.
1193 974 1248 1033 Gr.
1261 977 1297 1040 T.
1308 978 1350 1040 11.

57 1082 88 1139 p.
106 1071 166 1125 482.
199 1066 340 1139 Dionysii
356 1074 426 1123 αἴτια
444 1067 553 1125 diserte
570 1078 715 1125 memorat
731 1067 849 1126 Snidas.

124 1234 153 1290 p.
172 1222 221 1282 88,
241 1221 285 1275 ts.
318 1211 631 1295 Διονίσιοςδποαητὴς]
667 1216 748 1273 Suid.
766 1216 804 1276 T.
818 1219 842 1274 l.
860 1237 889 1292 p.
903 1225 964 1278 801.
999 1216 1179 1281 Διονύσιος
1194 1221 1351 1292 Κορίνθιος,

54 1308 191 1371 ἐποποιὸς·
211 1305 372 1379 ‘Paradisum
396 1315 497 1365 Αίτια
517 1316 542 1366 ἐν
556 1315 644 1382 βιβλίρ
663 1309 689 1367 ἁ.
722 1310 998 1383 Μετεωρολογοίμενα.
1033 1316 1077 1366 καλ
1092 1311 1269 1386 καταλογάδην
1285 1310 1353 1367 ὑπό-

53 1424 142 1473 μνημα
162 1398 346 1468 τέςἮσίοδον,
374 1406 527 1474 Οίνοομίνης
545 1400 689 1476 περιήγησιν
710 1400 747 1457 δι’
770 1404 844 1458 ἐντῶν.
877 1403 960 1459 ταῦτα
981 1401 1097 1476 dissipor
1116 1408 1160 1459 καλ
1185 1411 1211 1459 ἐν
1227 1408 1352 1475 Διονοοίω

55 1494 92 1563 τῷ
109 1493 144 1549 τὰ
160 1492 281 1550 Ancaeus
297 1491 432 1568 γράψαντι
458 1492 565 1568 πότερος
584 1490 630 1549 οὖν
646 1490 728 1550 αὐτῶν
745 1490 791 1550 oia
804 1498 871 1552 οἶδα.
904 1495 991 1553 Vide.
1005 1493 1124 1556 Fabric.
1143 1493 1220 1552 Bibl.
1240 1493 1295 1557 Gr.
1313 1495 1351 1555 Τ.

56 1584 99 1646 Π.
116 1605 148 1660 p.
166 1591 227 1648 797.

124 1753 154 1809 p.
171 1739 223 1802 a,
240 1740 283 1791 a.
316 1728 375 1807 ..ρ’
395 1730 470 1804 ται]
505 1733 550 1790 m
568 1704 647 1791 edidi
670 1732 740 1792 en.
757 1732 793 1797 n.
825 1733 927 1812 vago
951 1730 1014 1810 ..ρ
1030 1733 1100 1809 ηπ.
1144 1734 1222 1794 rum
1238 1734 1308 1796 an.
1334 1729 1349 1792 s

55 1828 170 1901 ἐραστῆς.

124 1991 155 2047 p.
170 1976 219 2040 38,
242 1976 283 2030 it.
316 1975 450 2047 λδωρεῖτο]
483 1971 569 2044 idaiam
585 1974 620 2030 E.

123 2137 154 2193 p.
172 2125 221 2186 38,
240 2124 283 2179 14.
318 2124 343 2181 ἐς
358 2117 453 2192 ἄνδρας
470 2117 676 2190 ἐγγραφόμενον]
712 2117 799 2189 Quod
823 2114 949 2175 fidenter
973 2137 1068 2176 meam
1095 2120 1298 2191 conjecturam
1320 2123 1351 2176 in

54 2220 170 2272 textum
179 2211 290 2284 recepi,
308 2228 369 2266 non
381 2208 598 2284 vituperabitur
610 2207 646 2266 ab
659 2208 890 2285 intelligentibus
901 2209 1059 2284 judicibus.
1075 2210 1172 2286 Vulgo
1184 2222 1351 2269 monstrose

56 2302 209 2378 legebatur
232 2303 277 2358 τὸν
296 2299 419 2375 ἐρόμενον
435 2300 541 2375 ἆρδίτας
558 2301 751 2375 ἐγγραφὸμτνον.
774 2305 885 2361 Amiut.
903 2304 981 2365 Mez,
997 2301 1121 2378 Ἄρδελας.
1154 2305 1189 2362 Β.
1204 2304 1237 2361 Ε.
1254 2316 1352 2362 eutem

57 2392 164 2458 ἆιδέτας
188 2412 244 2468 pro
268 2392 382 2468 ἅρδέτας.
417 2393 488 2450 Inde
514 2413 615 2451 veram
641 2393 741 2451 effinxi
770 2397 947 2470 scripturam
968 2403 993 2459 ἐς
1017 2395 1121 2471 ἄνδρας.
1157 2396 1352 2473 Coniecturae

58 2506 140 2544 aneae
159 2486 301 2563 ponderis
322 2486 432 2563 aliquid
451 2486 532 2544 addit
554 2485 643 2555 illud,
675 2477 753 2562 quod
776 2487 860 2544 Plato
880 2490 913 2544 in
936 2488 1091 2547 Menexen.
1117 2509 1147 2565 p.
1172 2498 1224 2551 249
1246 2493 1286 2552 A.
1315 2493 1351 2551 de

58 2579 291 2649 Atheniensibus
302 2592 418 2638 narrate
436 2587 479 2637 καλ
491 2580 625 2637 ἐπειδὰν
640 2585 686 2644 τίς
702 2578 820 2655 ἀνδρὸς
830 2586 920 2645 τέλος
929 2589 1031 2650 ίωσιν,
1043 2579 1184 2656 ἀποπέμπει
1194 2589 1235 2640 ἐπί
1246 2584 1278 2640 τὰ
1289 2592 1353 2657 σφί-

59 2674 109 2749 τερ’
123 2671 219 2740 αὐτῶν,
235 2679 403 2744 πανοπλίᾳ
419 2671 584 2745 κοσμήσασα,
600 2676 766 2745 ἐνδακνομίνη
785 2679 828 2728 καλ
842 2669 1065 2747 ἆναμιμνὴσιιοοσα
1077 2675 1111 2730 τὰ
1123 2675 1284 2749 τοῦ-πατρὸς
1296 2684 1353 2733 ἐπι·

57 2767 204 2840 τηδεῦματα
216 2762 313 2840 ὄργανα
328 2767 374 2837 τῆς
386 2765 505 2841 πατρῴας
518 2764 608 2842 cipere}
624 2768 738 2824 διδοῦσα.
761 2765 903 2824 Similiter
919 2767 995 2841 apud
1008 2768 1164 2826 Cretenses
1176 2770 1304 2824 amasius
1316 2768 1353 2825 ab

58 2872 189 2917 amatore
208 2859 373 2938 accipiebat
389 2859 481 2931 στολὴν
499 2858 643 2933 πολεμικήν.
680 2859 789 2917 Strabo
806 2858 846 2919 X.
864 2879 894 2934 p.
912 2866 972 2920 483.
992 2854 1095 2931 ἇφίεται
1112 2854 1139 2912 δ’
1157 2856 1172 2913 d
1189 2869 1265 2926 παῖς,
1283 2860 1354 2932 δῶρα

56 2953 157 3026 λαβδιν,
175 2955 266 3026 στολην
284 2955 434 3027 πολεμικὴν,
453 2959 497 3010 καλ
514 2955 577 3024 βοῖιν
596 2958 639 3010 καλ
652 2953 790 3025 ποτήριον·
806 2954 890 3010 ταῦτα
910 2950 1090 3025 plaudentia
1109 2948 1155 3005 τὸν
1170 2947 1252 3020 νόμον
1273 2951 1353 3024 δῶρα,

57 3052 103 3103 aul
121 3043 186 3103 itta
204 3051 279 3102 πλείω
294 3053 339 3102 καλ
355 3046 494 3113 πολυτελῆ·
516 3043 580 3102 cioca
595 3049 760 3118 αοντρανίζτιν
776 3045 836 3108 τοὺς
852 3050 942 3118 φίλους
957 3046 1001 3102 διὰ
1019 3041 1050 3100 τὸ
1069 3042 1171 3112 πλῆθος
1189 3041 1239 3107 νῦν
1254 3040 1355 3110 ἄναλο-

59 3137 159 3211 piam,
175 3149 205 3194 et
220 3139 324 3212 paucis
346 3138 509 3210 interjectis
526 3137 558 3211 τῇ
577 3161 604 3194 τε
622 3138 720 3210 στολῇ
737 3145 891 3210 κοσμτῖσθαι
908 3136 1076 3211 διαφερόντως
1094 3141 1190 3215 ἐφίεται
1208 3137 1259 3193 σοῖν
1273 3135 1355 3195 ἄλλων

58 3234 99 3306 τῇ
124 3236 267 3304 δοθείσῃ
286 3232 377 3304 παρὰ
393 3233 458 3286 τῶν
480 3232 638 3304 ἐραστῶν·
662 3238 705 3288 καλ
722 3231 753 3287 οὗ
770 3231 830 3287 τότε
847 3228 939 3304 μόνον,
969 3227 1094 3285 ἀλλὰκαὶ
1114 3233 1237 3286 τέλειοι
1259 3229 1355 3300 rard-

60 3346 157 3397 μτνοι
183 3321 305 3394 διάσημον
322 3324 423 3393 ἐσδῆτα
439 3332 575 3397 φέρουσιν,
602 3320 646 3395 (ἐφ’
669 3322 700 3394 ἧς
716 3323 890 3396 γνωσθήσεται
913 3325 1015 3386 ἕκαστος
1034 3322 1126 3386 κλεινὸς
1140 3320 1282 3396 γενόμενος·
1307 3323 1355 3379 τὸν
1467 3352 1469 3358 ·

60 3424 107 3491 plo
123 3415 173 3491 γὰρ
191 3414 313 3489 ἐρώμενον
335 3417 441 3474 καλοῦσι
458 3415 570 3484 κλεινὸν,
591 3417 638 3472 τὸν
655 3415 683 3474 δ’
701 3417 810 3489 ἐραστὴν
830 3414 963 3490 φιλητορα.
996 3415 1119 3471 Photius
1141 3420 1207 3484 295,
1227 3423 1254 3476 5.
1280 3438 1355 3473 νεο-

58 3516 161 3566 λαίαν
188 3508 245 3572 νοὸς
265 3507 338 3571 λαός·
366 3514 409 3565 καλ
432 3506 463 3566 οὔ
483 3509 564 3567 πάλαι
590 3515 636 3573 ele
660 3507 783 3584 ἄνδρας
807 3516 1082 3584 ἐγγεγραμμένος.
1126 3508 1200 3567 Vide
1221 3510 1288 3569 Ast.
1316 3509 1355 3568 ad

60 3604 138 3665 Plat.
157 3603 193 3659 de
209 3602 286 3678 legg.
304 3601 372 3660 vol.
390 3602 429 3659 11.
441 3622 477 3678 p.
496 3608 558 3664 523.
593 3602 783 3661 Vernaculns
801 3604 914 3662 Erotici
931 3605 1079 3678 interpres
1092 3598 1210 3672 Ἀρδέτας
1229 3602 1354 3661 classem

59 3698 172 3755 civium
195 3693 405 3753 Thebanorum
432 3696 479 3754 vel
501 3696 641 3767 militum,
671 3695 708 3753 ab
728 3694 803 3769 ἄρδις
824 3695 953 3765 dictam,
986 3696 1078 3753 fnisse
1102 3693 1207 3756 credit.
1242 3696 1355 3755 Verum

60 3791 130 3848 huic
149 3797 315 3851 commento
335 3799 365 3845 et
383 3788 442 3845 loci
459 3790 553 3864 ipsius
570 3791 717 3846 rationem
734 3800 764 3846 et
787 3787 932 3847 librorum
951 3788 1100 3847 honorum
1118 3787 1277 3846 lectionem
1300 3789 1355 3848 ad-

61 3885 176 3941 versari
194 3883 311 3956 judico,
339 3900 435 3958 neque
452 3885 569 3959 poetica
591 3884 641 3941 illa
662 3902 736 3940 voce
759 3883 847 3957 ἄρδις,
875 3901 948 3960 quae
967 3883 1120 3958 cuspidem
1137 3881 1239 3960 jocali
1256 3883 1352 3958 signi-

61 3975 132 4033 ticat
155 3982 202 4044 (v.
220 3973 383 4033 Blomfield.
405 3986 506 4036 annot.
530 3977 568 4033 ad
590 3976 980 4050 Aeschyl.Pe1s.'vs.stt.
1005 3985 1035 4032 et
1057 3974 1184 4051 glossar.
1203 3974 1355 4037 Prometh,

63 4068 162 4129 Vinet
186 4088 231 4130 rs.
249 4072 330 4136 904.)
356 4069 394 4126 ad
417 4069 621 4144 explicandam
644 4069 722 4128 illins
743 4067 830 4127 fictae
852 4068 958 4126 elassis
981 4068 1091 4126 civium
1110 4067 1240 4124 indolem
1258 4067 1356 4143 expli·

64 4161 189 4219 eandam
206 4164 365 4240 quidquam
380 4182 437 4221 uos
454 4163 589 4239 adjuvari
604 4164 748 4222 videmur.

131 4327 162 4382 p.
180 4315 230 4377 38,
248 4318 291 4370 16.
325 4309 485 4388 Παμμένης]
519 4312 708 4382 Pammenes,
737 4309 960 4387 Epaminondae
983 4308 1082 4366 fautor
1107 4307 1302 4385 adiutorque,
1328 4311 1356 4366 si

65 4398 139 4457 fides
165 4400 300 4459 habenda
324 4416 370 4462 cst
391 4406 551 4463 Plutarcho
574 4405 700 4481 reipubl.
727 4425 790 4482 ger.
821 4422 921 4480 praec.
945 4421 975 4476 p.
999 4406 1050 4461 8⁰5
1071 4402 1124 4467 8.,
1158 4400 1242 4473 cujus
1265 4418 1354 4457 curae

65 4494 241 4550 commissus
259 4506 322 4552 erat
330 4497 486 4573 Philippus
499 4495 586 4555 obses
599 4496 710 4556 Thebis
721 4497 867 4564 detentus,
884 4516 915 4554 v.
926 4494 1004 4555 Plut.
1018 4494 1069 4550 vit.
1080 4493 1182 4568 Pelop,
1201 4512 1227 4551 e.
1241 4492 1354 4559 XXVI,

65 4587 166 4643 manni
187 4583 394 4648 Thebanorum
414 4589 562 4660 delectae,
590 4608 665 4667 quae
688 4588 857 4649 Arcadibus
875 4586 1075 4664 Megalopolin
1100 4583 1295 4644 condentibus
1318 4582 1354 4638 ad
