<?xml version="1.0" encoding="UTF-8"?>
<!DOCTYPE html PUBLIC "-//W3C//DTD XHTML 1.0 Transitional//EN"
    "http://www.w3.org/TR/xhtml1/DTD/xhtml1-transitional.dtd">
<html xmlns="http://www.w3.org/1999/xhtml" xml:lang="en" lang="en">
 <head>
  <title>
</title>
<meta http-equiv="Content-Type" content="text/html;charset=utf-8" />
  <meta name='ocr-system' content='tesseract 3.04.00' />
  <meta name='ocr-capabilities' content='ocr_page ocr_carea ocr_par ocr_line ocrx_word'/>
</head>
<body>
  <div class='ocr_page' id='page_1' title='image "./plutarchierotic00xylagoog_0106.png"; bbox 0 0 3036 4994; ppageno 0'>
   <div class='ocr_carea' id='block_1_1' title="bbox 494 155 1396 228">
    <p class='ocr_par' dir='ltr' id='par_1_1' title="bbox 494 155 1396 228">
     <span class='ocr_line' id='line_1_1' title="bbox 494 155 1396 228; baseline 0.004 -4"><span class='ocrx_word' id='word_1_1' title='bbox 494 155 731 225; x_wconf 82' lang='grc' dir='ltr'><em>ΕΡΩΤΙΚΛΙ</em></span> <span class='ocrx_word' id='word_1_2' title='bbox 746 159 1016 227; x_wconf 83' lang='grc' dir='ltr'><em>ΔΙΗΓΗΣΕΙΣ.</em></span> <span class='ocrx_word' id='word_1_3' title='bbox 1359 163 1396 228; x_wconf 86' lang='grc'><strong>81</strong></span> 
     </span>
    </p>
   </div>
   <div class='ocr_carea' id='block_1_2' title="bbox 75 317 1470 3964">
    <p class='ocr_par' dir='ltr' id='par_1_2' title="bbox 75 317 1470 3964">
     <span class='ocr_line' id='line_1_2' title="bbox 113 317 1470 402; baseline 0.001 -20"><span class='ocrx_word' id='word_1_4' title='bbox 113 322 202 395; x_wconf 85' lang='lat' dir='ltr'><strong>Sum,</strong></span> <span class='ocrx_word' id='word_1_5' title='bbox 222 318 341 402; x_wconf 88' lang='lat' dir='ltr'><strong>iuquit,</strong></span> <span class='ocrx_word' id='word_1_6' title='bbox 361 320 583 400; x_wconf 78' lang='lat' dir='ltr'><strong>Spartanorum</strong></span> <span class='ocrx_word' id='word_1_7' title='bbox 610 321 763 385; x_wconf 85' lang='lat' dir='ltr'><strong>subditus.</strong></span> <span class='ocrx_word' id='word_1_8' title='bbox 803 323 867 384; x_wconf 90' lang='lat' dir='ltr'><strong>Sed</strong></span> <span class='ocrx_word' id='word_1_9' title='bbox 890 319 1001 384; x_wconf 89' lang='lat' dir='ltr'><strong>missus</strong></span> <span class='ocrx_word' id='word_1_10' title='bbox 1026 317 1135 383; x_wconf 87' lang='lat' dir='ltr'><strong>abeis</strong></span> <span class='ocrx_word' id='word_1_11' title='bbox 1162 318 1407 396; x_wconf 81' lang='lat' dir='ltr'><strong>Aristodemus,</strong></span> <span class='ocrx_word' id='word_1_12' title='bbox 1467 342 1470 347; x_wconf 86' lang='lat'>·</span> 
     </span>
     <span class='ocr_line' id='line_1_3' title="bbox 113 424 1400 509; baseline 0.007 -24"><span class='ocrx_word' id='word_1_13' title='bbox 113 425 167 509; x_wconf 86' lang='lat' dir='ltr'><strong>qui</strong></span> <span class='ocrx_word' id='word_1_14' title='bbox 188 425 305 488; x_wconf 87' lang='lat' dir='ltr'><strong>Oreum</strong></span> <span class='ocrx_word' id='word_1_15' title='bbox 326 427 527 507; x_wconf 78' lang='lat' dir='ltr'><strong>gubernaret,</strong></span> <span class='ocrx_word' id='word_1_16' title='bbox 548 424 753 502; x_wconf 88' lang='lat' dir='ltr'><strong>(harmostam</strong></span> <span class='ocrx_word' id='word_1_17' title='bbox 773 424 824 488; x_wconf 83' lang='lat' dir='ltr'><strong>illi&#39;</strong></span> <span class='ocrx_word' id='word_1_18' title='bbox 841 427 975 502; x_wconf 87' lang='lat' dir='ltr'><strong>vocant)</strong></span> <span class='ocrx_word' id='word_1_19' title='bbox 996 424 1164 490; x_wconf 86' lang='lat' dir='ltr'><strong>crudeliter</strong></span> <span class='ocrx_word' id='word_1_20' title='bbox 1183 429 1346 490; x_wconf 84' lang='lat' dir='ltr'><strong>admodum</strong></span> <span class='ocrx_word' id='word_1_21' title='bbox 1363 447 1400 494; x_wconf 80' lang='lat' dir='ltr'><strong>ec</strong></span> 
     </span>
     <span class='ocr_line' id='line_1_4' title="bbox 112 528 1400 613; baseline 0.002 -21"><span class='ocrx_word' id='word_1_22' title='bbox 112 530 233 592; x_wconf 83' lang='lat' dir='ltr'><strong>nelarie</strong></span> <span class='ocrx_word' id='word_1_23' title='bbox 258 529 333 613; x_wconf 85' lang='lat' dir='ltr'><strong>egit.</strong></span> <span class='ocrx_word' id='word_1_24' title='bbox 373 532 453 592; x_wconf 87' lang='lat' dir='ltr'><strong>Nam</strong></span> <span class='ocrx_word' id='word_1_25' title='bbox 480 551 587 593; x_wconf 90' lang='lat' dir='ltr'><strong>amore</strong></span> <span class='ocrx_word' id='word_1_26' title='bbox 608 529 666 592; x_wconf 84' lang='lat' dir='ltr'><strong>filii</strong></span> <span class='ocrx_word' id='word_1_27' title='bbox 691 531 751 593; x_wconf 91' lang='lat' dir='ltr'><strong>mei</strong></span> <span class='ocrx_word' id='word_1_28' title='bbox 772 541 897 612; x_wconf 86' lang='lat' dir='ltr'><strong>captus,</strong></span> <span class='ocrx_word' id='word_1_29' title='bbox 928 551 996 592; x_wconf 93' lang='lat' dir='ltr'><strong>cum</strong></span> <span class='ocrx_word' id='word_1_30' title='bbox 1022 528 1052 592; x_wconf 90' lang='lat' dir='ltr'><strong>ei</strong></span> <span class='ocrx_word' id='word_1_31' title='bbox 1075 533 1263 613; x_wconf 85' lang='lat' dir='ltr'><strong>persuadere</strong></span> <span class='ocrx_word' id='word_1_32' title='bbox 1290 530 1400 594; x_wconf 87' lang='lat' dir='ltr'><strong>vitium</strong></span> 
     </span>
     <span class='ocr_line' id='line_1_5' title="bbox 112 633 1403 719; baseline 0 -22"><span class='ocrx_word' id='word_1_33' title='bbox 112 634 278 717; x_wconf 88' lang='lat' dir='ltr'><strong>nequiret,</strong></span> <span class='ocrx_word' id='word_1_34' title='bbox 315 633 375 698; x_wconf 88' lang='lat' dir='ltr'><strong>vim</strong></span> <span class='ocrx_word' id='word_1_35' title='bbox 406 633 525 700; x_wconf 78' lang='lat' dir='ltr'><strong>inferre</strong></span> <span class='ocrx_word' id='word_1_36' title='bbox 555 657 723 719; x_wconf 78' lang='lat' dir='ltr'><strong>aggressus</strong></span> <span class='ocrx_word' id='word_1_37' title='bbox 754 649 822 711; x_wconf 88' lang='lat' dir='ltr'><strong>est,</strong></span> <span class='ocrx_word' id='word_1_38' title='bbox 857 655 989 718; x_wconf 88' lang='lat' dir='ltr'><strong>eumque</strong></span> <span class='ocrx_word' id='word_1_39' title='bbox 1017 656 1035 697; x_wconf 89' lang='lat' dir='ltr'><strong>e</strong></span> <span class='ocrx_word' id='word_1_40' title='bbox 1064 636 1216 716; x_wconf 87' lang='lat' dir='ltr'><strong>palaestra</strong></span> <span class='ocrx_word' id='word_1_41' title='bbox 1246 635 1403 718; x_wconf 84' lang='lat' dir='ltr'><strong>abripere.</strong></span> 
     </span>
     <span class='ocr_line' id='line_1_6' title="bbox 113 738 1400 823; baseline 0.004 -22"><span class='ocrx_word' id='word_1_42' title='bbox 113 740 286 803; x_wconf 86' lang='lat' dir='ltr'><strong>Resisteute</strong></span> <span class='ocrx_word' id='word_1_43' title='bbox 316 755 415 804; x_wconf 90' lang='lat' dir='ltr'><strong>autem</strong></span> <span class='ocrx_word' id='word_1_44' title='bbox 445 741 650 823; x_wconf 81' lang='lat' dir='ltr'><strong>paedotriba,</strong></span> <span class='ocrx_word' id='word_1_45' title='bbox 679 753 711 804; x_wconf 92' lang='lat' dir='ltr'><strong>et</strong></span> <span class='ocrx_word' id='word_1_46' title='bbox 740 741 844 804; x_wconf 90' lang='lat' dir='ltr'><strong>multis</strong></span> <span class='ocrx_word' id='word_1_47' title='bbox 874 738 1124 803; x_wconf 85' lang='lat' dir='ltr'><strong>adolescentibus</strong></span> <span class='ocrx_word' id='word_1_48' title='bbox 1151 743 1190 802; x_wconf 84' lang='lat' dir='ltr'><strong>ad</strong></span> <span class='ocrx_word' id='word_1_49' title='bbox 1216 761 1311 820; x_wconf 88' lang='lat' dir='ltr'><strong>opem</strong></span> <span class='ocrx_word' id='word_1_50' title='bbox 1332 739 1400 806; x_wconf 88' lang='lat' dir='ltr'><strong>lilio</strong></span> 
     </span>
     <span class='ocr_line' id='line_1_7' title="bbox 113 842 1401 927; baseline 0 -20"><span class='ocrx_word' id='word_1_51' title='bbox 113 844 271 908; x_wconf 83' lang='lat' dir='ltr'><strong>serendam</strong></span> <span class='ocrx_word' id='word_1_52' title='bbox 292 846 542 920; x_wconf 86' lang='lat' dir='ltr'><strong>accurrentibus,</strong></span> <span class='ocrx_word' id='word_1_53' title='bbox 563 858 635 908; x_wconf 89' lang='lat' dir='ltr'><strong>tuuc</strong></span> <span class='ocrx_word' id='word_1_54' title='bbox 650 845 773 927; x_wconf 76' lang='lat' dir='ltr'><strong>quidem</strong></span> <span class='ocrx_word' id='word_1_55' title='bbox 789 844 949 908; x_wconf 83' lang='lat' dir='ltr'><strong>discessit:</strong></span> <span class='ocrx_word' id='word_1_56' title='bbox 972 842 1125 926; x_wconf 84' lang='lat' dir='ltr'><strong>postridie</strong></span> <span class='ocrx_word' id='word_1_57' title='bbox 1142 854 1259 920; x_wconf 86' lang='lat' dir='ltr'><strong>autem,</strong></span> <span class='ocrx_word' id='word_1_58' title='bbox 1281 843 1401 910; x_wconf 87' lang='lat' dir='ltr'><strong>triremi</strong></span> 
     </span>
     <span class='ocr_line' id='line_1_8' title="bbox 113 947 1399 1031; baseline 0.001 -19"><span class='ocrx_word' id='word_1_59' title='bbox 113 950 277 1025; x_wconf 85' lang='lat' dir='ltr'><strong>instructa,</strong></span> <span class='ocrx_word' id='word_1_60' title='bbox 294 950 389 1014; x_wconf 82' lang='lat' dir='ltr'><strong>lilium</strong></span> <span class='ocrx_word' id='word_1_61' title='bbox 404 951 490 1014; x_wconf 89' lang='lat' dir='ltr'><strong>illum</strong></span> <span class='ocrx_word' id='word_1_62' title='bbox 506 974 603 1014; x_wconf 92' lang='lat' dir='ltr'><strong>mcum</strong></span> <span class='ocrx_word' id='word_1_63' title='bbox 618 965 773 1031; x_wconf 85' lang='lat' dir='ltr'><strong>arreptum</strong></span> <span class='ocrx_word' id='word_1_64' title='bbox 788 951 820 1013; x_wconf 90' lang='lat' dir='ltr'><strong>in</strong></span> <span class='ocrx_word' id='word_1_65' title='bbox 835 949 1015 1013; x_wconf 86' lang='lat' dir='ltr'><strong>ulteriorem</strong></span> <span class='ocrx_word' id='word_1_66' title='bbox 1030 948 1237 1011; x_wconf 89' lang='lat' dir='ltr'><strong>continentem</strong></span> <span class='ocrx_word' id='word_1_67' title='bbox 1258 947 1399 1031; x_wconf 76' lang='lat' dir='ltr'><strong>troierit:</strong></span> 
     </span>
     <span class='ocr_line' id='line_1_9' title="bbox 112 1054 1402 1137; baseline -0.001 -20"><span class='ocrx_word' id='word_1_68' title='bbox 112 1054 220 1137; x_wconf 86' lang='lat' dir='ltr'><strong>ibique</strong></span> <span class='ocrx_word' id='word_1_69' title='bbox 238 1055 361 1120; x_wconf 88' lang='lat' dir='ltr'><strong>libidini</strong></span> <span class='ocrx_word' id='word_1_70' title='bbox 380 1055 478 1137; x_wconf 89' lang='lat' dir='ltr'><strong>ipsius</strong></span> <span class='ocrx_word' id='word_1_71' title='bbox 500 1056 702 1120; x_wconf 83' lang='lat' dir='ltr'><strong>reluctantem</strong></span> <span class='ocrx_word' id='word_1_72' title='bbox 724 1078 791 1117; x_wconf 91' lang='lat' dir='ltr'><strong>cum</strong></span> <span class='ocrx_word' id='word_1_73' title='bbox 812 1054 999 1136; x_wconf 82' lang='lat' dir='ltr'><strong>jugulasset,</strong></span> <span class='ocrx_word' id='word_1_74' title='bbox 1023 1054 1140 1117; x_wconf 90' lang='lat' dir='ltr'><strong>Oreum</strong></span> <span class='ocrx_word' id='word_1_75' title='bbox 1163 1073 1307 1115; x_wconf 83' lang='lat' dir='ltr'><strong>reversus</strong></span> <span class='ocrx_word' id='word_1_76' title='bbox 1326 1073 1402 1116; x_wconf 89' lang='lat' dir='ltr'><strong>cuu-</strong></span> 
     </span>
     <span class='ocr_line' id='line_1_10' title="bbox 112 1154 1403 1244; baseline -0.003 -22"><span class='ocrx_word' id='word_1_77' title='bbox 112 1159 231 1224; x_wconf 84' lang='lat' dir='ltr'><strong>vivium</strong></span> <span class='ocrx_word' id='word_1_78' title='bbox 257 1159 442 1223; x_wconf 85' lang='lat' dir='ltr'><strong>celebravit.</strong></span> <span class='ocrx_word' id='word_1_79' title='bbox 483 1162 574 1240; x_wconf 81' lang='lat' dir='ltr'><strong>Ego,</strong></span> <span class='ocrx_word' id='word_1_80' title='bbox 601 1159 810 1244; x_wconf 77' lang='lat' dir='ltr'><strong>quinimmo,</strong></span> <span class='ocrx_word' id='word_1_81' title='bbox 837 1159 912 1243; x_wconf 78' lang='lat' dir='ltr'><strong>quid</strong></span> <span class='ocrx_word' id='word_1_82' title='bbox 937 1173 1038 1222; x_wconf 88' lang='lat' dir='ltr'><strong>actum</strong></span> <span class='ocrx_word' id='word_1_83' title='bbox 1063 1170 1160 1230; x_wconf 90' lang='lat' dir='ltr'><strong>esset,</strong></span> <span class='ocrx_word' id='word_1_84' title='bbox 1188 1154 1403 1231; x_wconf 84' lang='lat' dir='ltr'><strong>rescivissem,</strong></span> 
     </span>
     <span class='ocr_line' id='line_1_11' title="bbox 111 1261 1403 1348; baseline -0.002 -22"><span class='ocrx_word' id='word_1_85' title='bbox 111 1285 230 1348; x_wconf 90' lang='lat' dir='ltr'><strong>corpus</strong></span> <span class='ocrx_word' id='word_1_86' title='bbox 255 1265 313 1328; x_wconf 87' lang='lat' dir='ltr'><strong>filii</strong></span> <span class='ocrx_word' id='word_1_87' title='bbox 338 1263 485 1327; x_wconf 91' lang='lat' dir='ltr'><strong>humavi:</strong></span> <span class='ocrx_word' id='word_1_88' title='bbox 518 1266 722 1345; x_wconf 87' lang='lat' dir='ltr'><strong>Spartamque</strong></span> <span class='ocrx_word' id='word_1_89' title='bbox 749 1267 928 1344; x_wconf 83' lang='lat' dir='ltr'><strong>profectus,</strong></span> <span class='ocrx_word' id='word_1_90' title='bbox 957 1285 1022 1326; x_wconf 93' lang='lat' dir='ltr'><strong>rem</strong></span> <span class='ocrx_word' id='word_1_91' title='bbox 1053 1265 1092 1324; x_wconf 90' lang='lat' dir='ltr'><strong>ad</strong></span> <span class='ocrx_word' id='word_1_92' title='bbox 1117 1264 1270 1344; x_wconf 87' lang='lat' dir='ltr'><strong>Ephorus</strong></span> <span class='ocrx_word' id='word_1_93' title='bbox 1298 1261 1403 1324; x_wconf 84' lang='lat' dir='ltr'><strong>retuli.</strong></span> 
     </span>
     <span class='ocr_line' id='line_1_12' title="bbox 111 1363 1404 1451; baseline -0.002 -20"><span class='ocrx_word' id='word_1_94' title='bbox 111 1369 175 1432; x_wconf 86' lang='lat' dir='ltr'><strong>Sed</strong></span> <span class='ocrx_word' id='word_1_95' title='bbox 194 1368 242 1433; x_wconf 91' lang='lat' dir='ltr'><strong>illi</strong></span> <span class='ocrx_word' id='word_1_96' title='bbox 255 1368 409 1432; x_wconf 81' lang='lat' dir='ltr'><strong>facinoris</strong></span> <span class='ocrx_word' id='word_1_97' title='bbox 422 1366 489 1451; x_wconf 86' lang='lat' dir='ltr'><strong>ejus</strong></span> <span class='ocrx_word' id='word_1_98' title='bbox 504 1368 614 1431; x_wconf 91' lang='lat' dir='ltr'><strong>unllam</strong></span> <span class='ocrx_word' id='word_1_99' title='bbox 630 1371 804 1432; x_wconf 90' lang='lat' dir='ltr'><strong>hahuerunt</strong></span> <span class='ocrx_word' id='word_1_100' title='bbox 817 1369 982 1432; x_wconf 88' lang='lat' dir='ltr'><strong>rationem.</strong></span> <span class='ocrx_word' id='word_1_101' title='bbox 1021 1369 1109 1430; x_wconf 90' lang='lat' dir='ltr'><strong>Haec</strong></span> <span class='ocrx_word' id='word_1_102' title='bbox 1122 1366 1261 1443; x_wconf 84' lang='lat' dir='ltr'><strong>narratio</strong></span> <span class='ocrx_word' id='word_1_103' title='bbox 1277 1363 1404 1429; x_wconf 90' lang='lat' dir='ltr'><strong>Scedasi</strong></span> 
     </span>
     <span class='ocr_line' id='line_1_13' title="bbox 99 1469 1404 1556; baseline -0.002 -20"><span class='ocrx_word' id='word_1_104' title='bbox 99 1473 217 1555; x_wconf 16' lang='lat' dir='ltr'><strong>‘animo</strong></span> <span class='ocrx_word' id='word_1_105' title='bbox 247 1471 427 1537; x_wconf 88' lang='lat' dir='ltr'><strong>moestitiam</strong></span> <span class='ocrx_word' id='word_1_106' title='bbox 457 1473 574 1547; x_wconf 87' lang='lat' dir='ltr'><strong>attulit,</strong></span> <span class='ocrx_word' id='word_1_107' title='bbox 603 1472 788 1552; x_wconf 87' lang='lat' dir='ltr'><strong>suspicanti,</strong></span> <span class='ocrx_word' id='word_1_108' title='bbox 820 1496 905 1537; x_wconf 88' lang='lat' dir='ltr'><strong>suam</strong></span> <span class='ocrx_word' id='word_1_109' title='bbox 936 1494 1063 1556; x_wconf 80' lang='lat' dir='ltr'><strong>quoque</strong></span> <span class='ocrx_word' id='word_1_110' title='bbox 1091 1493 1213 1535; x_wconf 86' lang='lat' dir='ltr'><strong>cansam</strong></span> <span class='ocrx_word' id='word_1_111' title='bbox 1242 1469 1404 1551; x_wconf 86' lang='lat' dir='ltr'><strong>Spartanis</strong></span> 
     </span>
     <span class='ocr_line' id='line_1_14' title="bbox 113 1575 1403 1658; baseline -0.001 -19"><span class='ocrx_word' id='word_1_112' title='bbox 113 1599 208 1640; x_wconf 87' lang='lat' dir='ltr'><strong>curae</strong></span> <span class='ocrx_word' id='word_1_113' title='bbox 227 1598 290 1641; x_wconf 89' lang='lat' dir='ltr'><strong>nun</strong></span> <span class='ocrx_word' id='word_1_114' title='bbox 310 1577 457 1639; x_wconf 85' lang='lat' dir='ltr'><strong>futuram.</strong></span> <span class='ocrx_word' id='word_1_115' title='bbox 499 1579 590 1639; x_wconf 91' lang='lat' dir='ltr'><strong>Suam</strong></span> <span class='ocrx_word' id='word_1_116' title='bbox 612 1575 734 1640; x_wconf 88' lang='lat' dir='ltr'><strong>interim</strong></span> <span class='ocrx_word' id='word_1_117' title='bbox 756 1577 958 1641; x_wconf 85' lang='lat' dir='ltr'><strong>calamitatem</strong></span> <span class='ocrx_word' id='word_1_118' title='bbox 973 1575 1104 1641; x_wconf 87' lang='lat' dir='ltr'><strong>seorsim</strong></span> <span class='ocrx_word' id='word_1_119' title='bbox 1119 1575 1237 1658; x_wconf 87' lang='lat' dir='ltr'><strong>hospiti</strong></span> <span class='ocrx_word' id='word_1_120' title='bbox 1252 1575 1403 1638; x_wconf 89' lang='lat' dir='ltr'><strong>narravit.</strong></span> 
     </span>
     <span class='ocr_line' id='line_1_15' title="bbox 111 1679 1402 1766; baseline -0.002 -21"><span class='ocrx_word' id='word_1_121' title='bbox 111 1679 1402 1766; x_wconf 52' lang='lat' dir='ltr'><strong>BmhwmmffidmmmanmmmmfflmEmmmmfflmBmm</strong></span> 
     </span>
     <span class='ocr_line' id='line_1_16' title="bbox 110 1785 1401 1869; baseline 0.002 -23"><span class='ocrx_word' id='word_1_122' title='bbox 110 1785 184 1848; x_wconf 90' lang='lat' dir='ltr'><strong>tiam</strong></span> <span class='ocrx_word' id='word_1_123' title='bbox 199 1807 360 1860; x_wconf 87' lang='lat' dir='ltr'><strong>reversus,</strong></span> <span class='ocrx_word' id='word_1_124' title='bbox 380 1785 502 1848; x_wconf 86' lang='lat' dir='ltr'><strong>filiabus</strong></span> <span class='ocrx_word' id='word_1_125' title='bbox 519 1788 695 1868; x_wconf 88' lang='lat' dir='ltr'><strong>sepulcrum</strong></span> <span class='ocrx_word' id='word_1_126' title='bbox 710 1791 871 1852; x_wconf 87' lang='lat' dir='ltr'><strong>conderet.</strong></span> <span class='ocrx_word' id='word_1_127' title='bbox 906 1790 1059 1851; x_wconf 87' lang='lat' dir='ltr'><strong>Scedasus</strong></span> <span class='ocrx_word' id='word_1_128' title='bbox 1075 1809 1137 1850; x_wconf 92' lang='lat' dir='ltr'><strong>nun</strong></span> <span class='ocrx_word' id='word_1_129' title='bbox 1152 1785 1401 1869; x_wconf 75' lang='lat' dir='ltr'><strong>obtemperavitt</strong></span> 
     </span>
     <span class='ocr_line' id='line_1_17' title="bbox 109 1889 1403 1974; baseline 0.001 -22"><span class='ocrx_word' id='word_1_130' title='bbox 109 1889 1403 1974; x_wconf 56' lang='lat' dir='ltr'><strong>mmmmmmmmmmmmmmm.Qmmmmm</strong></span> 
     </span>
     <span class='ocr_line' id='line_1_18' title="bbox 110 1978 1404 2078; baseline -0.002 -19"><span class='ocrx_word' id='word_1_131' title='bbox 110 1978 1404 2078; x_wconf 44' lang='lat' dir='ltr'><strong>ammmmmm,mrmmaoemffltmmemhmffifflmmsmmmbpwu</strong></span> 
     </span>
     <span class='ocr_line' id='line_1_19' title="bbox 110 2096 1405 2178; baseline -0.002 -17"><span class='ocrx_word' id='word_1_132' title='bbox 110 2099 221 2163; x_wconf 85' lang='lat' dir='ltr'><strong>larium</strong></span> <span class='ocrx_word' id='word_1_133' title='bbox 242 2103 409 2174; x_wconf 88' lang='lat' dir='ltr'><strong>accedens,</strong></span> <span class='ocrx_word' id='word_1_134' title='bbox 430 2121 514 2161; x_wconf 90' lang='lat' dir='ltr'><strong>suam</strong></span> <span class='ocrx_word' id='word_1_135' title='bbox 536 2097 688 2161; x_wconf 91' lang='lat' dir='ltr'><strong>miseriam</strong></span> <span class='ocrx_word' id='word_1_136' title='bbox 705 2099 893 2178; x_wconf 83' lang='lat' dir='ltr'><strong>deploravit.</strong></span> <span class='ocrx_word' id='word_1_137' title='bbox 934 2099 1073 2160; x_wconf 89' lang='lat' dir='ltr'><strong>Tandem</strong></span> <span class='ocrx_word' id='word_1_138' title='bbox 1095 2120 1163 2159; x_wconf 89' lang='lat' dir='ltr'><strong>cum</strong></span> <span class='ocrx_word' id='word_1_139' title='bbox 1184 2096 1261 2163; x_wconf 91' lang='lat' dir='ltr'><strong>nihil</strong></span> <span class='ocrx_word' id='word_1_140' title='bbox 1282 2109 1405 2175; x_wconf 73' lang='lat' dir='ltr'><strong>ageret,</strong></span> 
     </span>
     <span class='ocr_line' id='line_1_20' title="bbox 109 2183 1404 2288; baseline -0.005 -19"><span class='ocrx_word' id='word_1_141' title='bbox 109 2228 167 2288; x_wconf 91' lang='lat' dir='ltr'><strong>per</strong></span> <span class='ocrx_word' id='word_1_142' title='bbox 188 2206 317 2284; x_wconf 90' lang='lat' dir='ltr'><strong>mediam</strong></span> <span class='ocrx_word' id='word_1_143' title='bbox 338 2183 485 2267; x_wconf 88' lang='lat' dir='ltr'><strong>discurrit</strong></span> <span class='ocrx_word' id='word_1_144' title='bbox 505 2206 631 2267; x_wconf 84' lang='lat' dir='ltr'><strong>urbem.</strong></span> <span class='ocrx_word' id='word_1_145' title='bbox 654 2224 822 2287; x_wconf 86' lang='lat' dir='ltr'><strong>manusque</strong></span> <span class='ocrx_word' id='word_1_146' title='bbox 843 2207 882 2265; x_wconf 86' lang='lat' dir='ltr'><strong>ad</strong></span> <span class='ocrx_word' id='word_1_147' title='bbox 902 2201 1008 2266; x_wconf 90' lang='lat' dir='ltr'><strong>Solem</strong></span> <span class='ocrx_word' id='word_1_148' title='bbox 1028 2200 1204 2274; x_wconf 88' lang='lat' dir='ltr'><strong>intendens,</strong></span> <span class='ocrx_word' id='word_1_149' title='bbox 1225 2222 1262 2263; x_wconf 93' lang='lat' dir='ltr'><strong>ac</strong></span> <span class='ocrx_word' id='word_1_150' title='bbox 1281 2222 1404 2263; x_wconf 90' lang='lat' dir='ltr'><strong>rursum</strong></span> 
     </span>
     <span class='ocr_line' id='line_1_21' title="bbox 110 2303 1403 2388; baseline -0.003 -15"><span class='ocrx_word' id='word_1_151' title='bbox 110 2324 226 2373; x_wconf 87' lang='lat' dir='ltr'><strong>terram</strong></span> <span class='ocrx_word' id='word_1_152' title='bbox 247 2309 285 2373; x_wconf 92' lang='lat' dir='ltr'><strong>iis</strong></span> <span class='ocrx_word' id='word_1_153' title='bbox 305 2307 438 2382; x_wconf 83' lang='lat' dir='ltr'><strong>feriens,</strong></span> <span class='ocrx_word' id='word_1_154' title='bbox 464 2306 612 2370; x_wconf 85' lang='lat' dir='ltr'><strong>evocavit</strong></span> <span class='ocrx_word' id='word_1_155' title='bbox 631 2305 762 2384; x_wconf 89' lang='lat' dir='ltr'><strong>Furias,</strong></span> <span class='ocrx_word' id='word_1_156' title='bbox 794 2329 831 2369; x_wconf 88' lang='lat' dir='ltr'><strong>ae</strong></span> <span class='ocrx_word' id='word_1_157' title='bbox 850 2306 912 2370; x_wconf 86' lang='lat' dir='ltr'><strong>sibi</strong></span> <span class='ocrx_word' id='word_1_158' title='bbox 932 2304 1065 2388; x_wconf 88' lang='lat' dir='ltr'><strong>denique</strong></span> <span class='ocrx_word' id='word_1_159' title='bbox 1086 2319 1215 2369; x_wconf 92' lang='lat' dir='ltr'><strong>mortem</strong></span> <span class='ocrx_word' id='word_1_160' title='bbox 1236 2303 1403 2369; x_wconf 87' lang='lat' dir='ltr'><strong>conscivit.</strong></span> 
     </span>
     <span class='ocr_line' id='line_1_22' title="bbox 109 2408 1403 2493; baseline -0.005 -15"><span class='ocrx_word' id='word_1_161' title='bbox 109 2416 234 2478; x_wconf 89' lang='lat' dir='ltr'><strong>Verum</strong></span> <span class='ocrx_word' id='word_1_162' title='bbox 263 2413 343 2476; x_wconf 91' lang='lat' dir='ltr'><strong>enim</strong></span> <span class='ocrx_word' id='word_1_163' title='bbox 374 2433 450 2475; x_wconf 88' lang='lat' dir='ltr'><strong>veru</strong></span> <span class='ocrx_word' id='word_1_164' title='bbox 480 2423 588 2493; x_wconf 89' lang='lat' dir='ltr'><strong>postea</strong></span> <span class='ocrx_word' id='word_1_165' title='bbox 614 2432 730 2493; x_wconf 89' lang='lat' dir='ltr'><strong>poenas</strong></span> <span class='ocrx_word' id='word_1_166' title='bbox 757 2411 880 2475; x_wconf 89' lang='lat' dir='ltr'><strong>luerunt</strong></span> <span class='ocrx_word' id='word_1_167' title='bbox 909 2408 1163 2474; x_wconf 86' lang='lat' dir='ltr'><strong>Lacedaemonii.</strong></span> <span class='ocrx_word' id='word_1_168' title='bbox 1216 2409 1295 2473; x_wconf 90' lang='lat' dir='ltr'><strong>Cum</strong></span> <span class='ocrx_word' id='word_1_169' title='bbox 1324 2409 1403 2473; x_wconf 92' lang='lat' dir='ltr'><strong>euim</strong></span> 
     </span>
     <span class='ocr_line' id='line_1_23' title="bbox 110 2513 1404 2597; baseline -0.002 -15"><span class='ocrx_word' id='word_1_170' title='bbox 110 2513 1404 2597; x_wconf 52' lang='lat' dir='ltr'><strong>mummewflmfflmuoemmmmeuwmmmmffissmm</strong></span> 
     </span>
     <span class='ocr_line' id='line_1_24' title="bbox 110 2618 1404 2705; baseline -0.003 -18"><span class='ocrx_word' id='word_1_171' title='bbox 110 2623 254 2698; x_wconf 88' lang='lat' dir='ltr'><strong>suisseut,</strong></span> <span class='ocrx_word' id='word_1_172' title='bbox 267 2624 398 2705; x_wconf 88' lang='lat' dir='ltr'><strong>primum</strong></span> <span class='ocrx_word' id='word_1_173' title='bbox 409 2625 489 2703; x_wconf 90' lang='lat' dir='ltr'><strong>apud</strong></span> <span class='ocrx_word' id='word_1_174' title='bbox 500 2641 575 2683; x_wconf 91' lang='lat' dir='ltr'><strong>suos</strong></span> <span class='ocrx_word' id='word_1_175' title='bbox 587 2620 775 2684; x_wconf 85' lang='lat' dir='ltr'><strong>collocatum</strong></span> <span class='ocrx_word' id='word_1_176' title='bbox 791 2620 978 2702; x_wconf 89' lang='lat' dir='ltr'><strong>praesidium</strong></span> <span class='ocrx_word' id='word_1_177' title='bbox 991 2618 1222 2702; x_wconf 89' lang='lat' dir='ltr'><strong>Epaminondas</strong></span> <span class='ocrx_word' id='word_1_178' title='bbox 1235 2623 1404 2683; x_wconf 82' lang='lat' dir='ltr'><strong>Thebanus</strong></span> 
     </span>
     <span class='ocr_line' id='line_1_25' title="bbox 110 2724 1401 2802; baseline -0.004 -9"><span class='ocrx_word' id='word_1_179' title='bbox 110 2728 277 2794; x_wconf 84' lang='lat' dir='ltr'><strong>interfecit.</strong></span> <span class='ocrx_word' id='word_1_180' title='bbox 318 2727 439 2792; x_wconf 88' lang='lat' dir='ltr'><strong>Deinde</strong></span> <span class='ocrx_word' id='word_1_181' title='bbox 467 2748 536 2789; x_wconf 92' lang='lat' dir='ltr'><strong>cum</strong></span> <span class='ocrx_word' id='word_1_182' title='bbox 563 2747 597 2797; x_wconf 86' lang='lat' dir='ltr'><strong>ea</strong></span> <span class='ocrx_word' id='word_1_183' title='bbox 626 2728 663 2787; x_wconf 92' lang='lat' dir='ltr'><strong>de</strong></span> <span class='ocrx_word' id='word_1_184' title='bbox 690 2748 779 2788; x_wconf 88' lang='lat' dir='ltr'><strong>causa</strong></span> <span class='ocrx_word' id='word_1_185' title='bbox 803 2724 1044 2790; x_wconf 86' lang='lat' dir='ltr'><strong>Lacedaemonii</strong></span> <span class='ocrx_word' id='word_1_186' title='bbox 1072 2725 1186 2788; x_wconf 91' lang='lat' dir='ltr'><strong>bellum</strong></span> <span class='ocrx_word' id='word_1_187' title='bbox 1207 2724 1401 2802; x_wconf 88' lang='lat' dir='ltr'><strong>intulissent,</strong></span> 
     </span>
     <span class='ocr_line' id='line_1_26' title="bbox 110 2829 1403 2904; baseline -0.002 -8"><span class='ocrx_word' id='word_1_188' title='bbox 110 2846 301 2897; x_wconf 87' lang='lat' dir='ltr'><strong>occurerunt</strong></span> <span class='ocrx_word' id='word_1_189' title='bbox 326 2835 365 2895; x_wconf 88' lang='lat' dir='ltr'><strong>ad</strong></span> <span class='ocrx_word' id='word_1_190' title='bbox 390 2834 527 2894; x_wconf 88' lang='lat' dir='ltr'><strong>Leuctra</strong></span> <span class='ocrx_word' id='word_1_191' title='bbox 553 2830 712 2904; x_wconf 87' lang='lat' dir='ltr'><strong>Thebani,</strong></span> <span class='ocrx_word' id='word_1_192' title='bbox 739 2831 816 2894; x_wconf 75' lang='lat' dir='ltr'><strong>rituti</strong></span> <span class='ocrx_word' id='word_1_193' title='bbox 843 2830 944 2894; x_wconf 79' lang='lat' dir='ltr'><strong>orarine</strong></span> <span class='ocrx_word' id='word_1_194' title='bbox 971 2829 1048 2893; x_wconf 88' lang='lat' dir='ltr'><strong>loci.</strong></span> <span class='ocrx_word' id='word_1_195' title='bbox 1096 2831 1176 2893; x_wconf 91' lang='lat' dir='ltr'><strong>Nam</strong></span> <span class='ocrx_word' id='word_1_196' title='bbox 1203 2841 1234 2891; x_wconf 93' lang='lat' dir='ltr'><strong>et</strong></span> <span class='ocrx_word' id='word_1_197' title='bbox 1262 2843 1331 2893; x_wconf 90' lang='lat' dir='ltr'><strong>aute</strong></span> <span class='ocrx_word' id='word_1_198' title='bbox 1357 2829 1403 2893; x_wconf 91' lang='lat' dir='ltr'><strong>ihi</strong></span> 
     </span>
     <span class='ocr_line' id='line_1_27' title="bbox 109 2912 1403 3019; baseline -0.007 -16"><span class='ocrx_word' id='word_1_199' title='bbox 109 2912 1403 3019; x_wconf 49' lang='lat' dir='ltr'><strong>fflmmssffimm:qmtmmmefflmmmfinemmfflasmmdummm</strong></span> 
     </span>
     <span class='ocr_line' id='line_1_28' title="bbox 111 3033 1402 3123; baseline -0.007 -15"><span class='ocrx_word' id='word_1_200' title='bbox 111 3046 239 3108; x_wconf 84' lang='lat' dir='ltr'><strong>Thebas</strong></span> <span class='ocrx_word' id='word_1_201' title='bbox 259 3041 363 3107; x_wconf 83' lang='lat' dir='ltr'><strong>venit:</strong></span> <span class='ocrx_word' id='word_1_202' title='bbox 386 3060 504 3123; x_wconf 87' lang='lat' dir='ltr'><strong>eosque</strong></span> <span class='ocrx_word' id='word_1_203' title='bbox 524 3037 683 3101; x_wconf 85' lang='lat' dir='ltr'><strong>invenicus</strong></span> <span class='ocrx_word' id='word_1_204' title='bbox 700 3038 958 3101; x_wconf 88' lang='lat' dir='ltr'><strong>Chalcidensibus</strong></span> <span class='ocrx_word' id='word_1_205' title='bbox 977 3035 1215 3119; x_wconf 85' lang='lat' dir='ltr'><strong>stipendiarios,</strong></span> <span class='ocrx_word' id='word_1_206' title='bbox 1235 3033 1402 3099; x_wconf 78' lang='lat' dir='ltr'><strong>interfecto</strong></span> 
     </span>
     <span class='ocr_line' id='line_1_29' title="bbox 110 3139 1404 3234; baseline -0.008 -22"><span class='ocrx_word' id='word_1_207' title='bbox 110 3170 187 3234; x_wconf 82' lang='lat' dir='ltr'><strong>rege</strong></span> <span class='ocrx_word' id='word_1_208' title='bbox 208 3144 440 3212; x_wconf 84' lang='lat' dir='ltr'><strong>Euboeeusium</strong></span> <span class='ocrx_word' id='word_1_209' title='bbox 462 3143 695 3221; x_wconf 87' lang='lat' dir='ltr'><strong>Chalcodonte‚</strong></span> <span class='ocrx_word' id='word_1_210' title='bbox 723 3142 879 3204; x_wconf 89' lang='lat' dir='ltr'><strong>atribnto</strong></span> <span class='ocrx_word' id='word_1_211' title='bbox 901 3140 1050 3204; x_wconf 85' lang='lat' dir='ltr'><strong>absolvit.</strong></span> <span class='ocrx_word' id='word_1_212' title='bbox 1091 3139 1208 3202; x_wconf 81' lang='lat' dir='ltr'><strong>Evenit</strong></span> <span class='ocrx_word' id='word_1_213' title='bbox 1227 3152 1343 3214; x_wconf 88' lang='lat' dir='ltr'><strong>antem,</strong></span> <span class='ocrx_word' id='word_1_214' title='bbox 1370 3152 1404 3202; x_wconf 92' lang='lat' dir='ltr'><strong>ut</strong></span> 
     </span>
     <span class='ocr_line' id='line_1_30' title="bbox 112 3244 1400 3334; baseline -0.005 -19"><span class='ocrx_word' id='word_1_215' title='bbox 112 3251 240 3316; x_wconf 90' lang='lat' dir='ltr'><strong>omniuo</strong></span> <span class='ocrx_word' id='word_1_216' title='bbox 271 3252 510 3334; x_wconf 80' lang='lat' dir='ltr'><strong>succumberent</strong></span> <span class='ocrx_word' id='word_1_217' title='bbox 539 3246 570 3308; x_wconf 92' lang='lat' dir='ltr'><strong>in</strong></span> <span class='ocrx_word' id='word_1_218' title='bbox 602 3246 726 3329; x_wconf 87' lang='lat' dir='ltr'><strong>proelio</strong></span> <span class='ocrx_word' id='word_1_219' title='bbox 758 3244 999 3310; x_wconf 91' lang='lat' dir='ltr'><strong>Lacedaemonii</strong></span> <span class='ocrx_word' id='word_1_220' title='bbox 1028 3248 1110 3324; x_wconf 90' lang='lat' dir='ltr'><strong>apud</strong></span> <span class='ocrx_word' id='word_1_221' title='bbox 1139 3245 1237 3326; x_wconf 91' lang='lat' dir='ltr'><strong>ipsum</strong></span> <span class='ocrx_word' id='word_1_222' title='bbox 1268 3245 1400 3308; x_wconf 83' lang='lat' dir='ltr'><strong>filiarum</strong></span> 
     </span>
     <span class='ocr_line' id='line_1_31' title="bbox 112 3348 1400 3434; baseline -0.004 -14"><span class='ocrx_word' id='word_1_223' title='bbox 112 3355 242 3421; x_wconf 90' lang='lat' dir='ltr'><strong>Sccdasi</strong></span> <span class='ocrx_word' id='word_1_224' title='bbox 268 3365 507 3418; x_wconf 86' lang='lat' dir='ltr'><strong>monumentum.</strong></span> <span class='ocrx_word' id='word_1_225' title='bbox 549 3350 711 3413; x_wconf 90' lang='lat' dir='ltr'><strong>Traditum</strong></span> <span class='ocrx_word' id='word_1_226' title='bbox 733 3362 795 3427; x_wconf 86' lang='lat' dir='ltr'><strong>est,</strong></span> <span class='ocrx_word' id='word_1_227' title='bbox 817 3365 886 3415; x_wconf 91' lang='lat' dir='ltr'><strong>ante</strong></span> <span class='ocrx_word' id='word_1_228' title='bbox 906 3351 991 3413; x_wconf 91' lang='lat' dir='ltr'><strong>illum</strong></span> <span class='ocrx_word' id='word_1_229' title='bbox 1014 3348 1191 3413; x_wconf 87' lang='lat' dir='ltr'><strong>conflictum</strong></span> <span class='ocrx_word' id='word_1_230' title='bbox 1213 3351 1400 3434; x_wconf 88' lang='lat' dir='ltr'><strong>Pelopidae,</strong></span> 
     </span>
     <span class='ocr_line' id='line_1_32' title="bbox 80 3441 1400 3538; baseline -0.004 -14"><span class='ocrx_word' id='word_1_231' title='bbox 80 3441 1400 3538; x_wconf 50' lang='lat' dir='ltr'><strong>&#39;ummdmmmsffimmemmm,wqmfflmomm,mmmm</strong></span> 
     </span>
     <span class='ocr_line' id='line_1_33' title="bbox 112 3559 1402 3644; baseline -0.007 -12"><span class='ocrx_word' id='word_1_232' title='bbox 112 3590 175 3632; x_wconf 91' lang='lat' dir='ltr'><strong>non</strong></span> <span class='ocrx_word' id='word_1_233' title='bbox 198 3570 361 3629; x_wconf 89' lang='lat' dir='ltr'><strong>admodum</strong></span> <span class='ocrx_word' id='word_1_234' title='bbox 384 3563 562 3624; x_wconf 85' lang='lat' dir='ltr'><strong>viderentur</strong></span> <span class='ocrx_word' id='word_1_235' title='bbox 581 3581 750 3642; x_wconf 88' lang='lat' dir='ltr'><strong>prospera,</strong></span> <span class='ocrx_word' id='word_1_236' title='bbox 781 3565 817 3624; x_wconf 92' lang='lat' dir='ltr'><strong>de</strong></span> <span class='ocrx_word' id='word_1_237' title='bbox 841 3559 997 3644; x_wconf 88' lang='lat' dir='ltr'><strong>auspicum</strong></span> <span class='ocrx_word' id='word_1_238' title='bbox 1019 3559 1177 3622; x_wconf 89' lang='lat' dir='ltr'><strong>sententiis</strong></span> <span class='ocrx_word' id='word_1_239' title='bbox 1197 3565 1402 3642; x_wconf 82' lang='lat' dir='ltr'><strong>perturbato,</strong></span> 
     </span>
     <span class='ocr_line' id='line_1_34' title="bbox 75 3666 1399 3756; baseline -0.006 -20"><span class='ocrx_word' id='word_1_240' title='bbox 75 3666 1399 3756; x_wconf 26' lang='lat' dir='ltr'><strong>vurwmmsmmffimesoemmm‚hmmmmurnhmmemmammo:amr</strong></span> 
     </span>
     <span class='ocr_line' id='line_1_35' title="bbox 113 3767 1400 3853; baseline -0.008 -13"><span class='ocrx_word' id='word_1_241' title='bbox 113 3767 1400 3853; x_wconf 62' lang='lat' dir='ltr'><strong>memmmmeommemmmm,mSmmmnjmmeffimmpmms</strong></span> 
     </span>
     <span class='ocr_line' id='line_1_36' title="bbox 113 3872 1400 3964; baseline -0.006 -19"><span class='ocrx_word' id='word_1_242' title='bbox 113 3886 266 3964; x_wconf 83' lang='lat' dir='ltr'><strong>pendant:</strong></span> <span class='ocrx_word' id='word_1_243' title='bbox 289 3902 325 3941; x_wconf 87' lang='lat' dir='ltr'><strong>ac</strong></span> <span class='ocrx_word' id='word_1_244' title='bbox 340 3877 485 3960; x_wconf 83' lang='lat' dir='ltr'><strong>jussisse,</strong></span> <span class='ocrx_word' id='word_1_245' title='bbox 507 3886 588 3936; x_wconf 90' lang='lat' dir='ltr'><strong>ntea</strong></span> <span class='ocrx_word' id='word_1_246' title='bbox 604 3872 672 3947; x_wconf 92' lang='lat' dir='ltr'><strong>die,</strong></span> <span class='ocrx_word' id='word_1_247' title='bbox 693 3894 770 3955; x_wconf 91' lang='lat' dir='ltr'><strong>quae</strong></span> <span class='ocrx_word' id='word_1_248' title='bbox 785 3895 918 3956; x_wconf 85' lang='lat' dir='ltr'><strong>pugnam</strong></span> <span class='ocrx_word' id='word_1_249' title='bbox 934 3887 1014 3938; x_wconf 90' lang='lat' dir='ltr'><strong>esset</strong></span> <span class='ocrx_word' id='word_1_250' title='bbox 1028 3889 1265 3956; x_wconf 77' lang='lat' dir='ltr'><strong>antegressum,</strong></span> <span class='ocrx_word' id='word_1_251' title='bbox 1283 3875 1400 3958; x_wconf 92' lang='lat' dir='ltr'><strong>pullum</strong></span> 
     </span>
    </p>
   </div>
   <div class='ocr_carea' id='block_1_3' title="bbox 115 4172 1194 4438">
    <p class='ocr_par' dir='ltr' id='par_1_3' title="bbox 115 4172 1194 4438">
     <span class='ocr_line' id='line_1_37' title="bbox 115 4172 920 4251; baseline -0.005 -16"><span class='ocrx_word' id='word_1_252' title='bbox 115 4179 147 4239; x_wconf 91' lang='lat' dir='ltr'><strong>C.</strong></span> <span class='ocrx_word' id='word_1_253' title='bbox 172 4186 197 4235; x_wconf 76' lang='grc'><strong>2.</strong></span> <span class='ocrx_word' id='word_1_254' title='bbox 234 4177 400 4251; x_wconf 76' lang='grc' dir='ltr'><strong>Ἀμφικτύων]</strong></span> <span class='ocrx_word' id='word_1_255' title='bbox 419 4177 564 4234; x_wconf 84' lang='lat' dir='ltr'><strong>Ricardns</strong></span> <span class='ocrx_word' id='word_1_256' title='bbox 583 4178 709 4249; x_wconf 85' lang='lat' dir='ltr'><strong>conjecit</strong></span> <span class='ocrx_word' id='word_1_257' title='bbox 724 4172 890 4249; x_wconf 68' lang='grc' dir='ltr'><strong><em>Ἀμφιτρύων.</em></strong></span> <span class='ocrx_word' id='word_1_258' title='bbox 917 4242 920 4246; x_wconf 27' lang='lat'><strong>¹</strong></span> 
     </span>
     <span class='ocr_line' id='line_1_38' title="bbox 117 4269 1194 4345; baseline -0.005 -19"><span class='ocrx_word' id='word_1_259' title='bbox 117 4274 146 4328; x_wconf 86' lang='lat' dir='ltr'><strong>C.</strong></span> <span class='ocrx_word' id='word_1_260' title='bbox 171 4280 196 4326; x_wconf 74' lang='lat'><strong>4.</strong></span> <span class='ocrx_word' id='word_1_261' title='bbox 233 4274 411 4337; x_wconf 77' lang='grc' dir='ltr'><strong>Χαλκιδεῦσιν]</strong></span> <span class='ocrx_word' id='word_1_262' title='bbox 435 4269 592 4343; x_wconf 85' lang='lat' dir='ltr'><strong>Wyttcnh.</strong></span> <span class='ocrx_word' id='word_1_263' title='bbox 616 4287 630 4324; x_wconf 91' lang='lat' dir='ltr'><strong>e</strong></span> <span class='ocrx_word' id='word_1_264' title='bbox 649 4274 717 4327; x_wconf 86' lang='lat' dir='ltr'><strong>Bet</strong></span> <span class='ocrx_word' id='word_1_265' title='bbox 734 4269 803 4342; x_wconf 84' lang='lat' dir='ltr'><strong>Xyl.</strong></span> <span class='ocrx_word' id='word_1_266' title='bbox 822 4289 898 4326; x_wconf 85' lang='lat' dir='ltr'><strong>rers·</strong></span> <span class='ocrx_word' id='word_1_267' title='bbox 931 4270 1032 4345; x_wconf 83' lang='lat' dir='ltr'><strong>Vulgo</strong></span> <span class='ocrx_word' id='word_1_268' title='bbox 1054 4275 1194 4332; x_wconf 73' lang='grc' dir='ltr'><strong><em>Χιιλιιιιῖιῖς.</em></strong></span> 
     </span>
     <span class='ocr_line' id='line_1_39' title="bbox 118 4361 1194 4438; baseline 0.003 -22"><span class='ocrx_word' id='word_1_269' title='bbox 118 4361 150 4416; x_wconf 87' lang='lat' dir='ltr'><strong>C.</strong></span> <span class='ocrx_word' id='word_1_270' title='bbox 168 4363 220 4422; x_wconf 82' lang='lat' dir='ltr'><strong>ult.</strong></span> <span class='ocrx_word' id='word_1_271' title='bbox 238 4364 334 4430; x_wconf 78' lang='grc' dir='ltr'><strong><em>καλῶς]</em></strong></span> <span class='ocrx_word' id='word_1_272' title='bbox 352 4374 437 4426; x_wconf 66' lang='grc' dir='ltr'><strong><em>καλοῖς</em></strong></span> <span class='ocrx_word' id='word_1_273' title='bbox 458 4363 609 4437; x_wconf 81' lang='lat' dir='ltr'><strong>lllyttenb.</strong></span> <span class='ocrx_word' id='word_1_274' title='bbox 632 4381 698 4417; x_wconf 89' lang='lat' dir='ltr'><strong>enm</strong></span> <span class='ocrx_word' id='word_1_275' title='bbox 718 4367 826 4434; x_wconf 81' lang='lat' dir='ltr'><strong>Bryan.</strong></span> <span class='ocrx_word' id='word_1_276' title='bbox 846 4376 875 4419; x_wconf 91' lang='lat' dir='ltr'><strong>et</strong></span> <span class='ocrx_word' id='word_1_277' title='bbox 892 4364 960 4438; x_wconf 81' lang='lat' dir='ltr'><strong>Xyl.</strong></span> <span class='ocrx_word' id='word_1_278' title='bbox 980 4382 1055 4419; x_wconf 88' lang='lat' dir='ltr'><strong>vers.</strong></span> <span class='ocrx_word' id='word_1_279' title='bbox 1074 4365 1194 4420; x_wconf 86' lang='lat' dir='ltr'><strong>marult.</strong></span> 
     </span>
    </p>
   </div>
   <div class='ocr_carea' id='block_1_4' title="bbox 150 4481 1038 4545">
    <p class='ocr_par' dir='ltr' id='par_1_4' title="bbox 150 4481 1038 4545">
     <span class='ocr_line' id='line_1_40' title="bbox 150 4481 1038 4545; baseline 0.003 -13"><span class='ocrx_word' id='word_1_280' title='bbox 150 4484 242 4532; x_wconf 73' lang='lat' dir='ltr'><strong>rhun.</strong></span> <span class='ocrx_word' id='word_1_281' title='bbox 260 4481 285 4540; x_wconf 85' lang='lat'><strong>1.</strong></span> <span class='ocrx_word' id='word_1_282' title='bbox 1019 4483 1038 4545; x_wconf 87' lang='grc'><strong>6</strong></span> 
     </span>
    </p>
   </div>
   <div class='ocr_carea' id='block_1_5' title="bbox 0 0 1525 4994">
    <p class='ocr_par' dir='ltr' id='par_1_5' title="bbox 0 0 1525 4994">
     <span class='ocr_line' id='line_1_41' title="bbox 0 0 1525 4994; baseline 0 0"><span class='ocrx_word' id='word_1_283' title='bbox 0 0 1525 4994; x_wconf 95' lang='lat' dir='ltr'><strong> </strong></span> 
     </span>
    </p>
   </div>
  </div>
 </body>
</html>
