<?xml version="1.0" encoding="UTF-8"?>
<!DOCTYPE html PUBLIC "-//W3C//DTD XHTML 1.0 Transitional//EN"
    "http://www.w3.org/TR/xhtml1/DTD/xhtml1-transitional.dtd">
<html xmlns="http://www.w3.org/1999/xhtml" xml:lang="en" lang="en">
 <head>
  <title>
</title>
<meta http-equiv="Content-Type" content="text/html;charset=utf-8" />
  <meta name='ocr-system' content='tesseract 3.04.00' />
  <meta name='ocr-capabilities' content='ocr_page ocr_carea ocr_par ocr_line ocrx_word'/>
</head>
<body>
  <div class='ocr_page' id='page_1' title='image "./plutarchierotic00xylagoog_0179.png"; bbox 0 0 3036 4994; ppageno 0'>
   <div class='ocr_carea' id='block_1_1' title="bbox 189 137 247 201">
    <p class='ocr_par' dir='ltr' id='par_1_1' title="bbox 189 137 247 201">
     <span class='ocr_line' id='line_1_1' title="bbox 189 137 247 201; baseline 0 0"><span class='ocrx_word' id='word_1_1' title='bbox 189 137 247 201; x_wconf 81' lang='grc'><strong>154</strong></span> 
     </span>
    </p>
   </div>
   <div class='ocr_carea' id='block_1_2' title="bbox 186 285 1483 458">
    <p class='ocr_par' dir='ltr' id='par_1_2' title="bbox 186 285 1483 458">
     <span class='ocr_line' id='line_1_2' title="bbox 186 285 1483 366; baseline -0.007 -17"><span class='ocrx_word' id='word_1_2' title='bbox 186 295 291 366; x_wconf 74' lang='lat' dir='ltr'><strong>fragm.</strong></span> <span class='ocrx_word' id='word_1_3' title='bbox 310 291 409 347; x_wconf 78' lang='lat' dir='ltr'><strong>statim</strong></span> <span class='ocrx_word' id='word_1_4' title='bbox 431 287 551 366; x_wconf 85' lang='lat' dir='ltr'><strong>subjicit</strong></span> <span class='ocrx_word' id='word_1_5' title='bbox 573 288 677 346; x_wconf 78' lang='lat' dir='ltr'><strong>uersus</strong></span> <span class='ocrx_word' id='word_1_6' title='bbox 694 294 747 348; x_wconf 84' lang='lat'>449</span> <span class='ocrx_word' id='word_1_7' title='bbox 765 306 810 365; x_wconf 86' lang='lat' dir='ltr'><strong>sq.</strong></span> <span class='ocrx_word' id='word_1_8' title='bbox 847 287 1021 365; x_wconf 78' lang='lat' dir='ltr'><strong>Quanquam</strong></span> <span class='ocrx_word' id='word_1_9' title='bbox 1041 289 1109 346; x_wconf 87' lang='lat' dir='ltr'><strong>huic</strong></span> <span class='ocrx_word' id='word_1_10' title='bbox 1132 298 1304 365; x_wconf 78' lang='lat' dir='ltr'><strong>argumento</strong></span> <span class='ocrx_word' id='word_1_11' title='bbox 1322 303 1388 342; x_wconf 89' lang='lat' dir='ltr'><strong>non</strong></span> <span class='ocrx_word' id='word_1_12' title='bbox 1406 285 1483 341; x_wconf 83' lang='lat' dir='ltr'><strong>mul-</strong></span> 
     </span>
     <span class='ocr_line' id='line_1_3' title="bbox 187 376 1483 458; baseline -0.004 -18"><span class='ocrx_word' id='word_1_13' title='bbox 187 395 249 440; x_wconf 89' lang='lat' dir='ltr'><strong>tum</strong></span> <span class='ocrx_word' id='word_1_14' title='bbox 269 380 442 449; x_wconf 78' lang='lat' dir='ltr'><strong>tribuerim,</strong></span> <span class='ocrx_word' id='word_1_15' title='bbox 467 384 534 458; x_wconf 84' lang='lat' dir='ltr'><strong>quia</strong></span> <span class='ocrx_word' id='word_1_16' title='bbox 558 379 624 437; x_wconf 84' lang='lat' dir='ltr'><strong>lieri</strong></span> <span class='ocrx_word' id='word_1_17' title='bbox 647 383 761 454; x_wconf 89' lang='lat' dir='ltr'><strong>potuit,</strong></span> <span class='ocrx_word' id='word_1_18' title='bbox 790 391 823 437; x_wconf 93' lang='lat' dir='ltr'><strong>ut</strong></span> <span class='ocrx_word' id='word_1_19' title='bbox 845 382 1022 438; x_wconf 76' lang='lat' dir='ltr'><strong>Plutarchus</strong></span> <span class='ocrx_word' id='word_1_20' title='bbox 1046 399 1188 439; x_wconf 70' lang='lat' dir='ltr'><strong>versure</strong></span> <span class='ocrx_word' id='word_1_21' title='bbox 1212 381 1343 439; x_wconf 84' lang='lat' dir='ltr'><strong>diversis</strong></span> <span class='ocrx_word' id='word_1_22' title='bbox 1371 376 1483 435; x_wconf 80' lang='lat' dir='ltr'><strong>fabulis</strong></span> 
     </span>
    </p>
   </div>
   <div class='ocr_carea' id='block_1_3' title="bbox 187 474 1133 551">
    <p class='ocr_par' dir='ltr' id='par_1_3' title="bbox 187 474 1133 551">
     <span class='ocr_line' id='line_1_4' title="bbox 187 474 1133 551; baseline 0.002 -19"><span class='ocrx_word' id='word_1_23' title='bbox 187 477 295 550; x_wconf 86' lang='lat' dir='ltr'><strong>petitos</strong></span> <span class='ocrx_word' id='word_1_24' title='bbox 313 485 514 551; x_wconf 80' lang='lat' dir='ltr'><strong>componeret.</strong></span> <span class='ocrx_word' id='word_1_25' title='bbox 548 474 629 532; x_wconf 88' lang='lat' dir='ltr'><strong>Vide</strong></span> <span class='ocrx_word' id='word_1_26' title='bbox 648 476 726 531; x_wconf 82' lang='lat' dir='ltr'><strong>inira</strong></span> <span class='ocrx_word' id='word_1_27' title='bbox 743 475 781 531; x_wconf 84' lang='lat' dir='ltr'><strong>ad</strong></span> <span class='ocrx_word' id='word_1_28' title='bbox 799 493 826 535; x_wconf 89' lang='lat' dir='ltr'><strong>c.</strong></span> <span class='ocrx_word' id='word_1_29' title='bbox 843 474 1008 550; x_wconf 64' lang='lat' dir='ltr'><strong>XXlVr-p.</strong></span> <span class='ocrx_word' id='word_1_30' title='bbox 1028 480 1078 532; x_wconf 91' lang='grc'><strong>770</strong></span> <span class='ocrx_word' id='word_1_31' title='bbox 1094 479 1133 535; x_wconf 90' lang='lat' dir='ltr'><strong>A.</strong></span> 
     </span>
    </p>
   </div>
   <div class='ocr_carea' id='block_1_4' title="bbox 184 620 1488 869">
    <p class='ocr_par' dir='ltr' id='par_1_4' title="bbox 184 620 1488 869">
     <span class='ocr_line' id='line_1_5' title="bbox 236 620 1485 700; baseline -0.003 -20"><span class='ocrx_word' id='word_1_32' title='bbox 236 629 349 700; x_wconf 78' lang='grc' dir='ltr'><strong>·.Ρ.04,</strong></span> <span class='ocrx_word' id='word_1_33' title='bbox 368 629 410 682; x_wconf 89' lang='grc'><strong>19.</strong></span> <span class='ocrx_word' id='word_1_34' title='bbox 444 620 498 694; x_wconf 72' lang='grc' dir='ltr'><strong>ἥδ’·</strong></span> <span class='ocrx_word' id='word_1_35' title='bbox 514 625 598 688; x_wconf 62' lang='grc' dir='ltr'><strong><em>ἐστὶν]</em></strong></span> <span class='ocrx_word' id='word_1_36' title='bbox 633 623 668 679; x_wconf 89' lang='lat' dir='ltr'><strong>In</strong></span> <span class='ocrx_word' id='word_1_37' title='bbox 687 635 771 680; x_wconf 85' lang='lat' dir='ltr'><strong>textu</strong></span> <span class='ocrx_word' id='word_1_38' title='bbox 794 624 839 681; x_wconf 88' lang='lat' dir='ltr'><strong>ed.</strong></span> <span class='ocrx_word' id='word_1_39' title='bbox 864 642 945 680; x_wconf 82' lang='lat' dir='ltr'><strong>meae</strong></span> <span class='ocrx_word' id='word_1_40' title='bbox 967 625 1138 699; x_wconf 78' lang='lat' dir='ltr'><strong>typothetae</strong></span> <span class='ocrx_word' id='word_1_41' title='bbox 1155 641 1257 679; x_wconf 89' lang='lat' dir='ltr'><strong>errore</strong></span> <span class='ocrx_word' id='word_1_42' title='bbox 1274 621 1351 678; x_wconf 82' lang='lat' dir='ltr'><strong>male</strong></span> <span class='ocrx_word' id='word_1_43' title='bbox 1371 621 1485 696; x_wconf 80' lang='lat' dir='ltr'><strong>legitur</strong></span> 
     </span>
     <span class='ocr_line' id='line_1_6' title="bbox 184 709 1488 792; baseline -0.002 -20"><span class='ocrx_word' id='word_1_44' title='bbox 184 714 245 786; x_wconf 69' lang='grc' dir='ltr'><strong>ἧδ’</strong></span> <span class='ocrx_word' id='word_1_45' title='bbox 265 722 346 785; x_wconf 66' lang='lat' dir='ltr'><strong>rurs,</strong></span> <span class='ocrx_word' id='word_1_46' title='bbox 373 734 541 792; x_wconf 80' lang='lat' dir='ltr'><strong>quanquam</strong></span> <span class='ocrx_word' id='word_1_47' title='bbox 558 718 602 772; x_wconf 88' lang='lat' dir='ltr'><strong>sic</strong></span> <span class='ocrx_word' id='word_1_48' title='bbox 620 726 665 772; x_wconf 90' lang='lat' dir='ltr'><strong>est</strong></span> <span class='ocrx_word' id='word_1_49' title='bbox 681 718 713 772; x_wconf 90' lang='lat' dir='ltr'><strong>in</strong></span> <span class='ocrx_word' id='word_1_50' title='bbox 728 715 797 777; x_wconf 88' lang='lat' dir='ltr'><strong>Ald.</strong></span> <span class='ocrx_word' id='word_1_51' title='bbox 831 716 871 773; x_wconf 90' lang='lat' dir='ltr'><strong>Hi</strong></span> <span class='ocrx_word' id='word_1_52' title='bbox 894 716 951 773; x_wconf 92' lang='lat' dir='ltr'><strong>duo</strong></span> <span class='ocrx_word' id='word_1_53' title='bbox 969 734 1076 774; x_wconf 84' lang='lat' dir='ltr'><strong>versus</strong></span> <span class='ocrx_word' id='word_1_54' title='bbox 1094 727 1163 773; x_wconf 86' lang='lat' dir='ltr'><strong>sunt</strong></span> <span class='ocrx_word' id='word_1_55' title='bbox 1180 709 1333 790; x_wconf 80' lang='lat' dir='ltr'><strong>Euripidis</strong></span> <span class='ocrx_word' id='word_1_56' title='bbox 1354 713 1488 788; x_wconf 88' lang='lat' dir='ltr'><strong>Hippol.</strong></span> 
     </span>
     <span class='ocr_line' id='line_1_7' title="bbox 187 813 389 869; baseline 0.005 -3"><span class='ocrx_word' id='word_1_57' title='bbox 187 827 230 869; x_wconf 83' lang='grc' dir='ltr'><strong>τε.</strong></span> <span class='ocrx_word' id='word_1_58' title='bbox 248 815 309 867; x_wconf 91' lang='grc'><strong>449.</strong></span> <span class='ocrx_word' id='word_1_59' title='bbox 327 813 389 867; x_wconf 82' lang='grc'><strong>440.</strong></span> 
     </span>
    </p>
   </div>
   <div class='ocr_carea' id='block_1_5' title="bbox 187 953 1492 1312">
    <p class='ocr_par' dir='ltr' id='par_1_5' title="bbox 187 953 1492 1312">
     <span class='ocr_line' id='line_1_8' title="bbox 253 953 1491 1034; baseline -0.005 -17"><span class='ocrx_word' id='word_1_60' title='bbox 253 965 412 1033; x_wconf 83' lang='grc' dir='ltr'><strong>Ρ.04,19.</strong></span> <span class='ocrx_word' id='word_1_61' title='bbox 445 953 537 1030; x_wconf 77' lang='grc' dir='ltr'><strong><em>Ἐρον]</em></strong></span> <span class='ocrx_word' id='word_1_62' title='bbox 571 959 614 1013; x_wconf 90' lang='lat' dir='ltr'><strong>Ita</strong></span> <span class='ocrx_word' id='word_1_63' title='bbox 636 957 714 1014; x_wconf 86' lang='lat' dir='ltr'><strong>edidi</strong></span> <span class='ocrx_word' id='word_1_64' title='bbox 732 977 768 1014; x_wconf 87' lang='lat' dir='ltr'><strong>cx</strong></span> <span class='ocrx_word' id='word_1_65' title='bbox 786 959 821 1017; x_wconf 86' lang='lat' dir='ltr'><strong>E.</strong></span> <span class='ocrx_word' id='word_1_66' title='bbox 856 959 956 1034; x_wconf 80' lang='lat' dir='ltr'><strong>Vulgo</strong></span> <span class='ocrx_word' id='word_1_67' title='bbox 971 958 1055 1033; x_wconf 83' lang='grc' dir='ltr'><strong><em>Ἔρον.</em></strong></span> <span class='ocrx_word' id='word_1_68' title='bbox 1090 959 1166 1015; x_wconf 84' lang='lat' dir='ltr'><strong>Nam</strong></span> <span class='ocrx_word' id='word_1_69' title='bbox 1184 959 1277 1014; x_wconf 81' lang='lat' dir='ltr'><strong>formo</strong></span> <span class='ocrx_word' id='word_1_70' title='bbox 1300 956 1352 1013; x_wconf 86' lang='lat' dir='ltr'><strong>illa</strong></span> <span class='ocrx_word' id='word_1_71' title='bbox 1375 959 1491 1032; x_wconf 84' lang='lat' dir='ltr'><strong>exqui-</strong></span> 
     </span>
     <span class='ocr_line' id='line_1_9' title="bbox 189 1049 1490 1126; baseline -0.004 -17"><span class='ocrx_word' id='word_1_72' title='bbox 189 1053 274 1110; x_wconf 85' lang='lat' dir='ltr'><strong>sitior</strong></span> <span class='ocrx_word' id='word_1_73' title='bbox 291 1061 337 1107; x_wconf 90' lang='lat' dir='ltr'><strong>est</strong></span> <span class='ocrx_word' id='word_1_74' title='bbox 352 1061 383 1106; x_wconf 86' lang='lat' dir='ltr'><strong>et</strong></span> <span class='ocrx_word' id='word_1_75' title='bbox 399 1052 514 1117; x_wconf 86' lang='lat' dir='ltr'><strong>rarior,</strong></span> <span class='ocrx_word' id='word_1_76' title='bbox 541 1069 629 1126; x_wconf 88' lang='lat' dir='ltr'><strong>quum</strong></span> <span class='ocrx_word' id='word_1_77' title='bbox 646 1061 677 1106; x_wconf 88' lang='lat' dir='ltr'><strong>ut</strong></span> <span class='ocrx_word' id='word_1_78' title='bbox 695 1070 710 1105; x_wconf 86' lang='lat' dir='ltr'><strong>a</strong></span> <span class='ocrx_word' id='word_1_79' title='bbox 728 1049 859 1107; x_wconf 85' lang='lat' dir='ltr'><strong>librariis</strong></span> <span class='ocrx_word' id='word_1_80' title='bbox 877 1049 1028 1125; x_wconf 88' lang='lat' dir='ltr'><strong>proficisci</strong></span> <span class='ocrx_word' id='word_1_81' title='bbox 1054 1053 1192 1125; x_wconf 85' lang='lat' dir='ltr'><strong>potuerit.</strong></span> <span class='ocrx_word' id='word_1_82' title='bbox 1224 1049 1307 1122; x_wconf 81' lang='grc' dir='ltr'><strong><em>Ἔρον</em></strong></span> <span class='ocrx_word' id='word_1_83' title='bbox 1324 1049 1411 1124; x_wconf 89' lang='lat' dir='ltr'><strong>quod</strong></span> <span class='ocrx_word' id='word_1_84' title='bbox 1431 1068 1490 1122; x_wconf 93' lang='lat' dir='ltr'><strong>pro</strong></span> 
     </span>
     <span class='ocr_line' id='line_1_10' title="bbox 187 1142 1492 1220; baseline -0.002 -19"><span class='ocrx_word' id='word_1_85' title='bbox 187 1153 268 1220; x_wconf 70' lang='lat' dir='ltr'><strong>ipseo</strong></span> <span class='ocrx_word' id='word_1_86' title='bbox 284 1144 422 1200; x_wconf 87' lang='lat' dir='ltr'><strong>dixerunt</strong></span> <span class='ocrx_word' id='word_1_87' title='bbox 439 1154 559 1218; x_wconf 83' lang='lat' dir='ltr'><strong>poetae,</strong></span> <span class='ocrx_word' id='word_1_88' title='bbox 578 1155 610 1199; x_wconf 91' lang='lat' dir='ltr'><strong>ut</strong></span> <span class='ocrx_word' id='word_1_89' title='bbox 626 1149 703 1215; x_wconf 66' lang='grc' dir='ltr'><strong><em>φίλων</em></strong></span> <span class='ocrx_word' id='word_1_90' title='bbox 718 1163 773 1218; x_wconf 90' lang='lat' dir='ltr'><strong>pro</strong></span> <span class='ocrx_word' id='word_1_91' title='bbox 791 1150 887 1216; x_wconf 78' lang='grc' dir='ltr'><strong><em>ρέλοτο</em></strong></span> <span class='ocrx_word' id='word_1_92' title='bbox 904 1146 993 1201; x_wconf 82' lang='lat' dir='ltr'><strong>etiam</strong></span> <span class='ocrx_word' id='word_1_93' title='bbox 1009 1146 1076 1201; x_wconf 83' lang='lat' dir='ltr'><strong>aliis</strong></span> <span class='ocrx_word' id='word_1_94' title='bbox 1087 1147 1119 1200; x_wconf 90' lang='lat' dir='ltr'><strong>iu</strong></span> <span class='ocrx_word' id='word_1_95' title='bbox 1130 1145 1204 1202; x_wconf 85' lang='lat' dir='ltr'><strong>locis</strong></span> <span class='ocrx_word' id='word_1_96' title='bbox 1216 1142 1389 1200; x_wconf 86' lang='lat' dir='ltr'><strong>scribarum</strong></span> <span class='ocrx_word' id='word_1_97' title='bbox 1405 1145 1492 1199; x_wconf 90' lang='lat' dir='ltr'><strong>osci-</strong></span> 
     </span>
     <span class='ocr_line' id='line_1_11' title="bbox 187 1234 1056 1312; baseline 0.001 -16"><span class='ocrx_word' id='word_1_98' title='bbox 187 1240 279 1296; x_wconf 82' lang='lat' dir='ltr'><strong>tantia</strong></span> <span class='ocrx_word' id='word_1_99' title='bbox 299 1237 415 1295; x_wconf 84' lang='lat' dir='ltr'><strong>videtur</strong></span> <span class='ocrx_word' id='word_1_100' title='bbox 432 1234 653 1299; x_wconf 83' lang='lat' dir='ltr'><strong>obliteravisse‚</strong></span> <span class='ocrx_word' id='word_1_101' title='bbox 670 1249 703 1293; x_wconf 92' lang='lat' dir='ltr'><strong>ut</strong></span> <span class='ocrx_word' id='word_1_102' title='bbox 719 1239 819 1312; x_wconf 87' lang='lat' dir='ltr'><strong>Apoll.</strong></span> <span class='ocrx_word' id='word_1_103' title='bbox 837 1238 932 1295; x_wconf 84' lang='lat' dir='ltr'><strong>Rhod.</strong></span> <span class='ocrx_word' id='word_1_104' title='bbox 951 1238 976 1293; x_wconf 92' lang='lat' dir='ltr'><strong>l.</strong></span> <span class='ocrx_word' id='word_1_105' title='bbox 995 1245 1056 1297; x_wconf 82' lang='grc'><strong>870.</strong></span> 
     </span>
    </p>
   </div>
   <div class='ocr_carea' id='block_1_6' title="bbox 452 1353 995 1521">
    <p class='ocr_par' dir='ltr' id='par_1_6' title="bbox 452 1353 995 1521">
     <span class='ocr_line' id='line_1_12' title="bbox 690 1353 995 1426; baseline 0 -15"><span class='ocrx_word' id='word_1_106' title='bbox 690 1362 747 1423; x_wconf 62' lang='lat' dir='ltr'><strong>izos</strong></span> <span class='ocrx_word' id='word_1_107' title='bbox 764 1354 790 1411; x_wconf 79' lang='grc' dir='ltr'><strong>δ’</strong></span> <span class='ocrx_word' id='word_1_108' title='bbox 810 1364 849 1411; x_wconf 66' lang='grc' dir='ltr'><strong>ἔπι</strong></span> <span class='ocrx_word' id='word_1_109' title='bbox 866 1353 995 1426; x_wconf 78' lang='grc' dir='ltr'><strong><em>ληῖτλτλεσοο</em></strong></span> 
     </span>
     <span class='ocr_line' id='line_1_13' title="bbox 452 1445 954 1521; baseline 0.004 -19"><span class='ocrx_word' id='word_1_110' title='bbox 452 1445 548 1519; x_wconf 73' lang='grc' dir='ltr'><strong><em>τρηχὺν</em></strong></span> <span class='ocrx_word' id='word_1_111' title='bbox 565 1454 652 1521; x_wconf 78' lang='grc' dir='ltr'><strong><em>ἴρον,</em></strong></span> <span class='ocrx_word' id='word_1_112' title='bbox 670 1445 699 1509; x_wconf 78' lang='grc' dir='ltr'><strong>ιλς</strong></span> <span class='ocrx_word' id='word_1_113' title='bbox 717 1445 791 1503; x_wconf 76' lang='grc' dir='ltr'><strong><em>οὗτοὶ</em></strong></span> <span class='ocrx_word' id='word_1_114' title='bbox 806 1446 904 1519; x_wconf 78' lang='grc' dir='ltr'><strong><em>ἆρλνεον</em></strong></span> <span class='ocrx_word' id='word_1_115' title='bbox 919 1481 954 1493; x_wconf 97' lang='grc'>-</span> 
     </span>
    </p>
   </div>
   <div class='ocr_carea' id='block_1_7' title="bbox 186 1561 1488 1838">
    <p class='ocr_par' dir='ltr' id='par_1_7' title="bbox 186 1561 1488 1838">
     <span class='ocr_line' id='line_1_14' title="bbox 187 1561 1488 1640; baseline 0.004 -20"><span class='ocrx_word' id='word_1_116' title='bbox 187 1564 259 1621; x_wconf 88' lang='lat' dir='ltr'><strong>Cod.</strong></span> <span class='ocrx_word' id='word_1_117' title='bbox 280 1563 377 1622; x_wconf 84' lang='lat' dir='ltr'><strong>Paris.</strong></span> <span class='ocrx_word' id='word_1_118' title='bbox 401 1561 489 1619; x_wconf 83' lang='lat' dir='ltr'><strong>offert</strong></span> <span class='ocrx_word' id='word_1_119' title='bbox 510 1571 582 1636; x_wconf 70' lang='lat' dir='ltr'><strong>ipos.</strong></span> <span class='ocrx_word' id='word_1_120' title='bbox 622 1564 760 1619; x_wconf 81' lang='lat' dir='ltr'><strong>Formam</strong></span> <span class='ocrx_word' id='word_1_121' title='bbox 785 1571 845 1638; x_wconf 67' lang='grc' dir='ltr'><strong><em>ἔρον</em></strong></span> <span class='ocrx_word' id='word_1_122' title='bbox 868 1577 1010 1621; x_wconf 85' lang='lat' dir='ltr'><strong>memorat</strong></span> <span class='ocrx_word' id='word_1_123' title='bbox 1028 1566 1140 1622; x_wconf 81' lang='lat' dir='ltr'><strong>Tzetza</strong></span> <span class='ocrx_word' id='word_1_124' title='bbox 1165 1565 1201 1622; x_wconf 93' lang='lat' dir='ltr'><strong>ad</strong></span> <span class='ocrx_word' id='word_1_125' title='bbox 1219 1565 1343 1624; x_wconf 83' lang='lat' dir='ltr'><strong>Hesiod.</strong></span> <span class='ocrx_word' id='word_1_126' title='bbox 1371 1585 1402 1640; x_wconf 87' lang='lat' dir='ltr'><strong>p.</strong></span> <span class='ocrx_word' id='word_1_127' title='bbox 1426 1574 1488 1625; x_wconf 80' lang='grc'><strong>730.</strong></span> 
     </span>
     <span class='ocr_line' id='line_1_15' title="bbox 187 1655 1486 1735; baseline 0.005 -20"><span class='ocrx_word' id='word_1_128' title='bbox 187 1657 262 1715; x_wconf 82' lang='lat' dir='ltr'><strong>Vide</strong></span> <span class='ocrx_word' id='word_1_129' title='bbox 276 1655 395 1714; x_wconf 81' lang='lat' dir='ltr'><strong>Jacobs.</strong></span> <span class='ocrx_word' id='word_1_130' title='bbox 414 1657 452 1713; x_wconf 83' lang='lat' dir='ltr'><strong>ad</strong></span> <span class='ocrx_word' id='word_1_131' title='bbox 468 1657 591 1729; x_wconf 80' lang='lat' dir='ltr'><strong>Authol.</strong></span> <span class='ocrx_word' id='word_1_132' title='bbox 609 1657 734 1713; x_wconf 85' lang='lat' dir='ltr'><strong>Palatin.</strong></span> <span class='ocrx_word' id='word_1_133' title='bbox 754 1658 791 1715; x_wconf 86' lang='lat' dir='ltr'><strong>T.</strong></span> <span class='ocrx_word' id='word_1_134' title='bbox 804 1658 858 1719; x_wconf 91' lang='lat' dir='ltr'><strong>lll.</strong></span> <span class='ocrx_word' id='word_1_135' title='bbox 878 1678 906 1733; x_wconf 92' lang='lat' dir='ltr'><strong>p.</strong></span> <span class='ocrx_word' id='word_1_136' title='bbox 920 1662 969 1718; x_wconf 84' lang='grc'><strong>459</strong></span> <span class='ocrx_word' id='word_1_137' title='bbox 987 1679 1032 1735; x_wconf 90' lang='lat' dir='ltr'><strong>sq.</strong></span> <span class='ocrx_word' id='word_1_138' title='bbox 1052 1669 1082 1716; x_wconf 91' lang='lat' dir='ltr'><strong>et</strong></span> <span class='ocrx_word' id='word_1_139' title='bbox 1097 1662 1128 1716; x_wconf 90' lang='lat' dir='ltr'><strong>iu</strong></span> <span class='ocrx_word' id='word_1_140' title='bbox 1146 1659 1278 1719; x_wconf 88' lang='lat' dir='ltr'><strong>Addend</strong></span> <span class='ocrx_word' id='word_1_141' title='bbox 1301 1681 1333 1732; x_wconf 89' lang='lat' dir='ltr'><strong>p.</strong></span> <span class='ocrx_word' id='word_1_142' title='bbox 1349 1659 1486 1720; x_wconf 84' lang='lat' dir='ltr'><strong>LXVII.</strong></span> 
     </span>
     <span class='ocr_line' id='line_1_16' title="bbox 186 1748 1486 1838; baseline 0.004 -32"><span class='ocrx_word' id='word_1_143' title='bbox 186 1750 230 1826; x_wconf 87' lang='lat' dir='ltr'><strong>De</strong></span> <span class='ocrx_word' id='word_1_144' title='bbox 254 1758 309 1824; x_wconf 81' lang='grc' dir='ltr'><strong><em>7ρος</em></strong></span> <span class='ocrx_word' id='word_1_145' title='bbox 333 1752 412 1812; x_wconf 88' lang='lat' dir='ltr'><strong>conf.</strong></span> <span class='ocrx_word' id='word_1_146' title='bbox 436 1750 581 1810; x_wconf 82' lang='lat' dir='ltr'><strong>Valcken.</strong></span> <span class='ocrx_word' id='word_1_147' title='bbox 605 1749 643 1837; x_wconf 68' lang='lat' dir='ltr'><strong>ud</strong></span> <span class='ocrx_word' id='word_1_148' title='bbox 666 1750 737 1807; x_wconf 85' lang='lat' dir='ltr'><strong>Eur.</strong></span> <span class='ocrx_word' id='word_1_149' title='bbox 761 1750 882 1826; x_wconf 81' lang='lat' dir='ltr'><strong>Hippoi.</strong></span> <span class='ocrx_word' id='word_1_150' title='bbox 907 1770 955 1811; x_wconf 88' lang='lat' dir='ltr'><strong>vs.</strong></span> <span class='ocrx_word' id='word_1_151' title='bbox 978 1758 1040 1838; x_wconf 77' lang='grc'><strong>449.</strong></span> <span class='ocrx_word' id='word_1_152' title='bbox 1086 1748 1305 1810; x_wconf 75' lang='lat' dir='ltr'><strong>Schneidewin.</strong></span> <span class='ocrx_word' id='word_1_153' title='bbox 1335 1753 1375 1810; x_wconf 86' lang='lat' dir='ltr'><strong>ad</strong></span> <span class='ocrx_word' id='word_1_154' title='bbox 1399 1752 1486 1827; x_wconf 90' lang='lat' dir='ltr'><strong>lhyc.</strong></span> 
     </span>
    </p>
   </div>
   <div class='ocr_carea' id='block_1_8' title="bbox 185 1849 1479 2072">
    <p class='ocr_par' dir='ltr' id='par_1_8' title="bbox 185 1849 1479 2072">
     <span class='ocr_line' id='line_1_17' title="bbox 185 1849 334 1920; baseline 0.02 -19"><span class='ocrx_word' id='word_1_155' title='bbox 185 1862 216 1919; x_wconf 89' lang='lat' dir='ltr'><strong>p.</strong></span> <span class='ocrx_word' id='word_1_156' title='bbox 234 1849 268 1901; x_wconf 93' lang='grc'><strong>89</strong></span> <span class='ocrx_word' id='word_1_157' title='bbox 287 1862 334 1920; x_wconf 85' lang='lat' dir='ltr'><strong>sq.</strong></span> 
     </span>
     <span class='ocr_line' id='line_1_18' title="bbox 253 1989 1479 2072; baseline 0.001 -21"><span class='ocrx_word' id='word_1_158' title='bbox 253 2012 283 2070; x_wconf 82' lang='lat' dir='ltr'><strong>p.</strong></span> <span class='ocrx_word' id='word_1_159' title='bbox 299 1999 348 2062; x_wconf 85' lang='grc'><strong>04,</strong></span> <span class='ocrx_word' id='word_1_160' title='bbox 367 2000 411 2054; x_wconf 70' lang='grc'><strong>01·</strong></span> <span class='ocrx_word' id='word_1_161' title='bbox 445 1996 562 2068; x_wconf 73' lang='grc' dir='ltr'><strong>ζείδωρον</strong></span> <span class='ocrx_word' id='word_1_162' title='bbox 576 1993 626 2068; x_wconf 73' lang='grc' dir='ltr'><strong>γὰρ</strong></span> <span class='ocrx_word' id='word_1_163' title='bbox 644 1992 724 2065; x_wconf 76' lang='grc' dir='ltr'><strong><em>αὖτὴν</em></strong></span> <span class='ocrx_word' id='word_1_164' title='bbox 738 1989 924 2066; x_wconf 68' lang='grc' dir='ltr'><strong><em>Ἐμπεδοκλῆς]</em></strong></span> <span class='ocrx_word' id='word_1_165' title='bbox 959 1994 1039 2052; x_wconf 85' lang='lat' dir='ltr'><strong>Vide</strong></span> <span class='ocrx_word' id='word_1_166' title='bbox 1058 1996 1156 2056; x_wconf 82' lang='lat' dir='ltr'><strong>Slurz.</strong></span> <span class='ocrx_word' id='word_1_167' title='bbox 1176 1996 1352 2072; x_wconf 82' lang='lat' dir='ltr'><strong>Empedocl.</strong></span> <span class='ocrx_word' id='word_1_168' title='bbox 1371 2017 1401 2071; x_wconf 93' lang='lat' dir='ltr'><strong>p.</strong></span> <span class='ocrx_word' id='word_1_169' title='bbox 1420 2003 1479 2054; x_wconf 78' lang='lat'><strong>537.</strong></span> 
     </span>
    </p>
   </div>
   <div class='ocr_carea' id='block_1_9' title="bbox 183 2142 1480 2407">
    <p class='ocr_par' dir='ltr' id='par_1_9' title="bbox 183 2142 1480 2407">
     <span class='ocr_line' id='line_1_19' title="bbox 255 2142 1470 2229; baseline -0.001 -27"><span class='ocrx_word' id='word_1_170' title='bbox 255 2165 283 2218; x_wconf 90' lang='lat' dir='ltr'><strong>p.</strong></span> <span class='ocrx_word' id='word_1_171' title='bbox 302 2150 351 2213; x_wconf 94' lang='grc'><strong>04,</strong></span> <span class='ocrx_word' id='word_1_172' title='bbox 371 2152 413 2205; x_wconf 93' lang='grc'><strong>01</strong></span> <span class='ocrx_word' id='word_1_173' title='bbox 450 2142 576 2229; x_wconf 78' lang='grc' dir='ltr'><strong><em>εὔκορρον</em></strong></span> <span class='ocrx_word' id='word_1_174' title='bbox 595 2150 621 2201; x_wconf 70' lang='lat' dir='ltr'><strong>dl</strong></span> <span class='ocrx_word' id='word_1_175' title='bbox 641 2147 790 2217; x_wconf 72' lang='grc' dir='ltr'><strong><em>Σοφοκλῆς]</em></strong></span> <span class='ocrx_word' id='word_1_176' title='bbox 824 2145 901 2202; x_wconf 87' lang='lat' dir='ltr'><strong>Plut.</strong></span> <span class='ocrx_word' id='word_1_177' title='bbox 923 2165 1024 2221; x_wconf 87' lang='lat' dir='ltr'><strong>praec.</strong></span> <span class='ocrx_word' id='word_1_178' title='bbox 1044 2149 1122 2220; x_wconf 85' lang='lat' dir='ltr'><strong>conj.</strong></span> <span class='ocrx_word' id='word_1_179' title='bbox 1146 2165 1177 2221; x_wconf 90' lang='lat' dir='ltr'><strong>p</strong></span> <span class='ocrx_word' id='word_1_180' title='bbox 1197 2147 1298 2204; x_wconf 79' lang='lat' dir='ltr'><strong>rttss.</strong></span> <span class='ocrx_word' id='word_1_181' title='bbox 1337 2147 1470 2202; x_wconf 76' lang='grc' dir='ltr'><strong><em>τουτονδ</em></strong></span> 
     </span>
     <span class='ocr_line' id='line_1_20' title="bbox 184 2233 1480 2342; baseline 0.002 -49"><span class='ocrx_word' id='word_1_182' title='bbox 184 2236 285 2319; x_wconf 77' lang='grc' dir='ltr'><strong><em>πάντων</em></strong></span> <span class='ocrx_word' id='word_1_183' title='bbox 305 2233 440 2342; x_wconf 55' lang='grc' dir='ltr'><strong><em>ἱερῶτοτὲς</em></strong></span> <span class='ocrx_word' id='word_1_184' title='bbox 455 2235 551 2293; x_wconf 75' lang='lat' dir='ltr'><strong>iustr‘</strong></span> <span class='ocrx_word' id='word_1_185' title='bbox 539 2260 554 2292; x_wconf 95' lang='lat' dir='ltr'><strong>o</strong></span> <span class='ocrx_word' id='word_1_186' title='bbox 571 2237 695 2309; x_wconf 70' lang='grc' dir='ltr'><strong><em>γαμήλιος</em></strong></span> <span class='ocrx_word' id='word_1_187' title='bbox 717 2237 810 2308; x_wconf 82' lang='grc' dir='ltr'><strong><em>σπόρος</em></strong></span> <span class='ocrx_word' id='word_1_188' title='bbox 828 2246 870 2294; x_wconf 74' lang='lat' dir='ltr'><strong>nul</strong></span> <span class='ocrx_word' id='word_1_189' title='bbox 887 2236 1016 2312; x_wconf 75' lang='grc' dir='ltr'><strong><em>ἄροτος</em></strong></span> <span class='ocrx_word' id='word_1_190' title='bbox 996 2246 1038 2295; x_wconf 73' lang='grc' dir='ltr'><strong>ἐπὶ</strong></span> <span class='ocrx_word' id='word_1_191' title='bbox 1052 2244 1150 2295; x_wconf 68' lang='grc' dir='ltr'><strong><em>παίδων</em></strong></span> <span class='ocrx_word' id='word_1_192' title='bbox 1172 2237 1301 2295; x_wconf 77' lang='grc' dir='ltr'><em>τεκνώσει·</em></span> <span class='ocrx_word' id='word_1_193' title='bbox 1326 2241 1410 2303; x_wconf 83' lang='grc' dir='ltr'><strong><em>καλῶς</em></strong></span> <span class='ocrx_word' id='word_1_194' title='bbox 1425 2264 1480 2310; x_wconf 71' lang='grc' dir='ltr'><strong><em>την</em></strong></span> 
     </span>
     <span class='ocr_line' id='line_1_21' title="bbox 183 2323 1476 2407; baseline 0.002 -22"><span class='ocrx_word' id='word_1_195' title='bbox 183 2323 424 2402; x_wconf 75' lang='grc' dir='ltr'><strong>Ἀφροδίτην</strong></span> <span class='ocrx_word' id='word_1_196' title='bbox 413 2351 428 2383; x_wconf 94' lang='grc' dir='ltr'><strong><em>ο</em></strong></span> <span class='ocrx_word' id='word_1_197' title='bbox 450 2329 628 2400; x_wconf 70' lang='grc' dir='ltr'><strong><em>Σοφοκλῆς</em></strong></span> <span class='ocrx_word' id='word_1_198' title='bbox 651 2326 814 2403; x_wconf 74' lang='grc' dir='ltr'><strong><em>εὔκαρπον</em></strong></span> <span class='ocrx_word' id='word_1_199' title='bbox 835 2338 1031 2404; x_wconf 72' lang='grc' dir='ltr'><em>Κυθέρειαν</em></span> <span class='ocrx_word' id='word_1_200' title='bbox 1056 2352 1250 2406; x_wconf 73' lang='grc' dir='ltr'><strong><em>προσηγορεοοε.</em></strong></span> <span class='ocrx_word' id='word_1_201' title='bbox 1286 2331 1366 2389; x_wconf 87' lang='lat' dir='ltr'><strong>Vide</strong></span> <span class='ocrx_word' id='word_1_202' title='bbox 1390 2332 1476 2407; x_wconf 88' lang='lat' dir='ltr'><strong>Soph.</strong></span> 
     </span>
    </p>
   </div>
   <div class='ocr_carea' id='block_1_10' title="bbox 186 2418 1478 2595">
    <p class='ocr_par' dir='ltr' id='par_1_10' title="bbox 186 2418 1478 2595">
     <span class='ocr_line' id='line_1_22' title="bbox 187 2418 1478 2496; baseline 0.006 -23"><span class='ocrx_word' id='word_1_203' title='bbox 187 2418 304 2492; x_wconf 82' lang='lat' dir='ltr'><strong>Fragm.</strong></span> <span class='ocrx_word' id='word_1_204' title='bbox 327 2420 374 2478; x_wconf 88' lang='lat' dir='ltr'><strong>ed.</strong></span> <span class='ocrx_word' id='word_1_205' title='bbox 399 2418 489 2478; x_wconf 89' lang='lat' dir='ltr'><strong>Diud.</strong></span> <span class='ocrx_word' id='word_1_206' title='bbox 512 2439 559 2475; x_wconf 89' lang='lat' dir='ltr'><strong>nr.</strong></span> <span class='ocrx_word' id='word_1_207' title='bbox 577 2426 639 2479; x_wconf 92' lang='grc'><strong>879.</strong></span> <span class='ocrx_word' id='word_1_208' title='bbox 661 2439 690 2494; x_wconf 89' lang='lat' dir='ltr'><strong>p.</strong></span> <span class='ocrx_word' id='word_1_209' title='bbox 711 2428 753 2479; x_wconf 90' lang='grc'><strong>70.</strong></span> <span class='ocrx_word' id='word_1_210' title='bbox 790 2421 894 2476; x_wconf 82' lang='lat' dir='ltr'><strong>Thetis</strong></span> <span class='ocrx_word' id='word_1_211' title='bbox 918 2422 1005 2496; x_wconf 85' lang='lat' dir='ltr'><strong>apud.</strong></span> <span class='ocrx_word' id='word_1_212' title='bbox 1030 2424 1115 2483; x_wconf 89' lang='lat' dir='ltr'><strong>Piud</strong></span> <span class='ocrx_word' id='word_1_213' title='bbox 1139 2424 1224 2484; x_wconf 88' lang='lat' dir='ltr'><strong>Nem.</strong></span> <span class='ocrx_word' id='word_1_214' title='bbox 1241 2424 1304 2494; x_wconf 90' lang='grc' dir='ltr'><strong>ΙΙΙ,</strong></span> <span class='ocrx_word' id='word_1_215' title='bbox 1324 2430 1370 2487; x_wconf 89' lang='grc'><strong>56.</strong></span> <span class='ocrx_word' id='word_1_216' title='bbox 1402 2425 1478 2482; x_wconf 86' lang='lat' dir='ltr'><strong>audit</strong></span> 
     </span>
     <span class='ocr_line' id='line_1_23' title="bbox 186 2507 961 2595; baseline 0.01 -32"><span class='ocrx_word' id='word_1_217' title='bbox 186 2507 375 2595; x_wconf 76' lang='grc' dir='ltr'><strong><em>ορὶοὸκορπος.</em></strong></span> <span class='ocrx_word' id='word_1_218' title='bbox 411 2510 501 2578; x_wconf 90' lang='lat' dir='ltr'><strong>Hom.</strong></span> <span class='ocrx_word' id='word_1_219' title='bbox 519 2509 658 2582; x_wconf 84' lang='lat' dir='ltr'><strong>Hymu.</strong></span> <span class='ocrx_word' id='word_1_220' title='bbox 650 2530 681 2565; x_wconf 87' lang='lat' dir='ltr'><strong>m</strong></span> <span class='ocrx_word' id='word_1_221' title='bbox 700 2510 838 2567; x_wconf 83' lang='lat' dir='ltr'><strong>Cererem</strong></span> <span class='ocrx_word' id='word_1_222' title='bbox 855 2531 900 2571; x_wconf 87' lang='lat' dir='ltr'><strong>vs.</strong></span> <span class='ocrx_word' id='word_1_223' title='bbox 919 2521 961 2571; x_wconf 81' lang='grc'><strong>09.</strong></span> 
     </span>
    </p>
   </div>
   <div class='ocr_carea' id='block_1_11' title="bbox 453 2621 1121 2702">
    <p class='ocr_par' dir='ltr' id='par_1_11' title="bbox 453 2621 1121 2702">
     <span class='ocr_line' id='line_1_24' title="bbox 453 2621 1121 2702; baseline 0.009 -23"><span class='ocrx_word' id='word_1_224' title='bbox 453 2621 559 2694; x_wconf 69' lang='grc' dir='ltr'><strong><em>ἤκουσεν</em></strong></span> <span class='ocrx_word' id='word_1_225' title='bbox 577 2625 675 2697; x_wconf 73' lang='grc' dir='ltr'><strong><em>φωνῆς,</em></strong></span> <span class='ocrx_word' id='word_1_226' title='bbox 693 2622 751 2679; x_wconf 79' lang='lat' dir='ltr'><strong>odd&#39;</strong></span> <span class='ocrx_word' id='word_1_227' title='bbox 769 2623 999 2698; x_wconf 76' lang='grc' dir='ltr'><strong><em>ἆρλαὸκορποο</em></strong></span> <span class='ocrx_word' id='word_1_228' title='bbox 1016 2635 1121 2702; x_wconf 74' lang='grc' dir='ltr'><strong><em>ἑταῖροι,</em></strong></span> 
     </span>
    </p>
   </div>
   <div class='ocr_carea' id='block_1_12' title="bbox 188 2737 1374 2814">
    <p class='ocr_par' dir='ltr' id='par_1_12' title="bbox 188 2737 1374 2814">
     <span class='ocr_line' id='line_1_25' title="bbox 188 2737 1374 2814; baseline 0.01 -18"><span class='ocrx_word' id='word_1_229' title='bbox 188 2737 239 2796; x_wconf 92' lang='lat' dir='ltr'><strong>ubi</strong></span> <span class='ocrx_word' id='word_1_230' title='bbox 256 2739 380 2795; x_wconf 89' lang='lat' dir='ltr'><strong>Vossius</strong></span> <span class='ocrx_word' id='word_1_231' title='bbox 399 2757 429 2810; x_wconf 90' lang='lat' dir='ltr'><strong>p.</strong></span> <span class='ocrx_word' id='word_1_232' title='bbox 446 2745 488 2796; x_wconf 83' lang='lat'><strong>17.</strong></span> <span class='ocrx_word' id='word_1_233' title='bbox 524 2737 682 2812; x_wconf 88' lang='lat' dir='ltr'><strong>Sophoclis</strong></span> <span class='ocrx_word' id='word_1_234' title='bbox 699 2740 895 2814; x_wconf 81' lang='lat' dir='ltr'><strong>fragmentum</strong></span> <span class='ocrx_word' id='word_1_235' title='bbox 913 2760 1144 2807; x_wconf 87' lang='lat' dir='ltr'><strong>commemorare</strong></span> <span class='ocrx_word' id='word_1_236' title='bbox 1162 2748 1296 2810; x_wconf 80' lang='lat' dir='ltr'><strong>debehat.</strong></span> <span class='ocrx_word' id='word_1_237' title='bbox 1371 2740 1374 2745; x_wconf 47' lang='grc'>’</span> 
     </span>
    </p>
   </div>
   <div class='ocr_carea' id='block_1_13' title="bbox 255 2882 1478 2974">
    <p class='ocr_par' dir='ltr' id='par_1_13' title="bbox 255 2882 1478 2974">
     <span class='ocr_line' id='line_1_26' title="bbox 255 2882 1478 2974; baseline 0.021 -44"><span class='ocrx_word' id='word_1_238' title='bbox 255 2907 284 2962; x_wconf 80' lang='lat' dir='ltr'><strong>p</strong></span> <span class='ocrx_word' id='word_1_239' title='bbox 303 2893 351 2954; x_wconf 77' lang='lat'>24,</span> <span class='ocrx_word' id='word_1_240' title='bbox 369 2894 412 2945; x_wconf 71' lang='lat'><strong>22</strong></span> <span class='ocrx_word' id='word_1_241' title='bbox 447 2885 555 2956; x_wconf 67' lang='grc' dir='ltr'><strong><em>ἐμμελῶς</em></strong></span> <span class='ocrx_word' id='word_1_242' title='bbox 571 2882 637 2939; x_wconf 79' lang='grc' dir='ltr'><strong><em>πάνυ</em></strong></span> <span class='ocrx_word' id='word_1_243' title='bbox 653 2891 697 2941; x_wconf 73' lang='grc' dir='ltr'><strong>καὶ</strong></span> <span class='ocrx_word' id='word_1_244' title='bbox 712 2885 863 2959; x_wconf 78' lang='grc' dir='ltr'><strong>πρεπόντως]</strong></span> <span class='ocrx_word' id='word_1_245' title='bbox 882 2890 958 2946; x_wconf 91' lang='lat' dir='ltr'><strong>Plut.</strong></span> <span class='ocrx_word' id='word_1_246' title='bbox 974 2891 1210 2972; x_wconf 81' lang='lat' dir='ltr'><strong>Quaest.Sy1np.</strong></span> <span class='ocrx_word' id='word_1_247' title='bbox 1225 2898 1271 2965; x_wconf 89' lang='lat' dir='ltr'><strong>ll,</strong></span> <span class='ocrx_word' id='word_1_248' title='bbox 1288 2901 1316 2957; x_wconf 85' lang='lat'><strong>6.</strong></span> <span class='ocrx_word' id='word_1_249' title='bbox 1338 2919 1366 2974; x_wconf 92' lang='grc' dir='ltr'><strong>Ρ.</strong></span> <span class='ocrx_word' id='word_1_250' title='bbox 1382 2901 1478 2959; x_wconf 79' lang='grc'><strong>6541).</strong></span> 
     </span>
    </p>
   </div>
   <div class='ocr_carea' id='block_1_14' title="bbox 190 2976 1480 3176">
    <p class='ocr_par' dir='ltr' id='par_1_14' title="bbox 190 2976 1480 3143">
     <span class='ocr_line' id='line_1_27' title="bbox 190 2976 1480 3068; baseline 0.009 -32"><span class='ocrx_word' id='word_1_251' title='bbox 190 3003 317 3050; x_wconf 83' lang='grc' dir='ltr'><strong><em>σνοπονμεν</em></strong></span> <span class='ocrx_word' id='word_1_252' title='bbox 333 2976 395 3046; x_wconf 80' lang='grc' dir='ltr'><strong><em>οὖν,</em></strong></span> <span class='ocrx_word' id='word_1_253' title='bbox 414 2983 436 3032; x_wconf 81' lang='grc' dir='ltr'><strong>εἰ</strong></span> <span class='ocrx_word' id='word_1_254' title='bbox 455 2981 534 3042; x_wconf 79' lang='grc' dir='ltr'><strong><em>δοκεῖ,</em></strong></span> <span class='ocrx_word' id='word_1_255' title='bbox 552 2976 659 3048; x_wconf 86' lang='grc' dir='ltr'><strong><em>πότερον</em></strong></span> <span class='ocrx_word' id='word_1_256' title='bbox 676 2981 816 3049; x_wconf 67' lang='grc' dir='ltr'><strong><em>ἐμμελονς</em></strong></span> <span class='ocrx_word' id='word_1_257' title='bbox 832 2987 901 3037; x_wconf 81' lang='grc' dir='ltr'><strong>καὶ</strong></span> <span class='ocrx_word' id='word_1_258' title='bbox 893 2985 1155 3057; x_wconf 80' lang='grc' dir='ltr'><strong><em>προορκόντονςο</em></strong></span> <span class='ocrx_word' id='word_1_259' title='bbox 1174 2987 1327 3065; x_wconf 76' lang='grc' dir='ltr'><strong><em>Ἐπίκουρος</em></strong></span> <span class='ocrx_word' id='word_1_260' title='bbox 1344 2994 1419 3068; x_wconf 76' lang='grc' dir='ltr'><strong><em>παρὰ</em></strong></span> <span class='ocrx_word' id='word_1_261' title='bbox 1434 2996 1480 3050; x_wconf 77' lang='grc' dir='ltr'><strong><em>πᾶν</em></strong></span> 
     </span>
     <span class='ocr_line' id='line_1_28' title="bbox 190 3065 814 3176; baseline -0.003 -48"><span class='ocrx_word' id='word_1_262' title='bbox 190 3068 320 3128; x_wconf 70' lang='grc' dir='ltr'><strong><em>δίκαιον</em></strong></span> <span class='ocrx_word' id='word_1_263' title='bbox 305 3079 408 3143; x_wconf 84' lang='grc' dir='ltr'><strong><em>οφοιρεῖ</em></strong></span> <span class='ocrx_word' id='word_1_264' title='bbox 425 3091 469 3129; x_wconf 83' lang='grc' dir='ltr'><strong>τον</strong></span> <span class='ocrx_word' id='word_1_265' title='bbox 484 3065 688 3176; x_wconf 73' lang='grc' dir='ltr'><strong><em>’Λφροτλίτην</em></strong></span> <span class='ocrx_word' id='word_1_266' title='bbox 659 3093 703 3140; x_wconf 78' lang='grc' dir='ltr'><strong>της</strong></span> <span class='ocrx_word' id='word_1_267' title='bbox 718 3072 814 3136; x_wconf 84' lang='grc' dir='ltr'><strong><em>νυκτὸς.</em></strong></span> 
     </span>
    </p>
   </div>
   <div class='ocr_carea' id='block_1_15' title="bbox 259 3210 1481 3307">
    <p class='ocr_par' dir='ltr' id='par_1_15' title="bbox 259 3210 1481 3307">
     <span class='ocr_line' id='line_1_29' title="bbox 259 3210 1481 3307; baseline 0.013 -31"><span class='ocrx_word' id='word_1_268' title='bbox 259 3239 288 3292; x_wconf 86' lang='grc' dir='ltr'><strong>Ρ.</strong></span> <span class='ocrx_word' id='word_1_269' title='bbox 305 3225 355 3286; x_wconf 86' lang='grc'><strong>04,</strong></span> <span class='ocrx_word' id='word_1_270' title='bbox 372 3222 416 3277; x_wconf 89' lang='grc'><strong>03.</strong></span> <span class='ocrx_word' id='word_1_271' title='bbox 450 3210 588 3290; x_wconf 71' lang='grc' dir='ltr'><strong><em>πάρεργον]</em></strong></span> <span class='ocrx_word' id='word_1_272' title='bbox 621 3218 697 3277; x_wconf 89' lang='lat' dir='ltr'><strong>Plut.</strong></span> <span class='ocrx_word' id='word_1_273' title='bbox 718 3221 767 3276; x_wconf 88' lang='lat' dir='ltr'><strong>vit.</strong></span> <span class='ocrx_word' id='word_1_274' title='bbox 788 3221 918 3299; x_wconf 86' lang='lat' dir='ltr'><strong>Lycurg.</strong></span> <span class='ocrx_word' id='word_1_275' title='bbox 938 3243 963 3284; x_wconf 85' lang='lat' dir='ltr'><strong>c</strong></span> <span class='ocrx_word' id='word_1_276' title='bbox 983 3226 1080 3288; x_wconf 88' lang='lat' dir='ltr'><strong>XVll</strong></span> <span class='ocrx_word' id='word_1_277' title='bbox 1106 3236 1148 3284; x_wconf 67' lang='grc' dir='ltr'><strong>νο)</strong></span> <span class='ocrx_word' id='word_1_278' title='bbox 1162 3232 1239 3292; x_wconf 76' lang='grc' dir='ltr'><strong><em>τοῦτο</em></strong></span> <span class='ocrx_word' id='word_1_279' title='bbox 1258 3239 1305 3304; x_wconf 73' lang='grc' dir='ltr'><strong><em>μὲν</em></strong></span> <span class='ocrx_word' id='word_1_280' title='bbox 1323 3237 1469 3307; x_wconf 67' lang='grc' dir='ltr'><strong><em>ἔργον</em></strong></span> <span class='ocrx_word' id='word_1_281' title='bbox 1440 3260 1481 3305; x_wconf 80' lang='grc' dir='ltr'><strong>της</strong></span> 
     </span>
    </p>
   </div>
   <div class='ocr_carea' id='block_1_16' title="bbox 191 3307 1480 3572">
    <p class='ocr_par' dir='ltr' id='par_1_16' title="bbox 191 3307 1480 3572">
     <span class='ocr_line' id='line_1_30' title="bbox 192 3307 1479 3390; baseline 0.015 -25"><span class='ocrx_word' id='word_1_282' title='bbox 192 3308 359 3382; x_wconf 75' lang='grc' dir='ltr'><strong><em>ὄλιροσιτίος·</em></strong></span> <span class='ocrx_word' id='word_1_283' title='bbox 394 3307 558 3380; x_wconf 79' lang='grc' dir='ltr'><strong><em>πάρεργον</em></strong></span> <span class='ocrx_word' id='word_1_284' title='bbox 580 3314 609 3365; x_wconf 77' lang='grc' dir='ltr'><strong>δέ</strong></span> <span class='ocrx_word' id='word_1_285' title='bbox 629 3331 693 3382; x_wconf 78' lang='grc' dir='ltr'><strong><em>φασι</em></strong></span> <span class='ocrx_word' id='word_1_286' title='bbox 708 3309 753 3382; x_wconf 71' lang='grc' dir='ltr'><strong><em>τὴν</em></strong></span> <span class='ocrx_word' id='word_1_287' title='bbox 768 3336 817 3368; x_wconf 85' lang='grc' dir='ltr'><strong><em>τονν</em></strong></span> <span class='ocrx_word' id='word_1_288' title='bbox 834 3314 955 3387; x_wconf 77' lang='grc' dir='ltr'><strong><em>σωμάτων</em></strong></span> <span class='ocrx_word' id='word_1_289' title='bbox 972 3318 1082 3390; x_wconf 74' lang='grc' dir='ltr'><strong><em>αοξηοιν.</em></strong></span> <span class='ocrx_word' id='word_1_290' title='bbox 1114 3322 1189 3380; x_wconf 84' lang='lat' dir='ltr'><strong>Vide</strong></span> <span class='ocrx_word' id='word_1_291' title='bbox 1210 3324 1320 3387; x_wconf 78' lang='lat' dir='ltr'><strong>Boehr</strong></span> <span class='ocrx_word' id='word_1_292' title='bbox 1342 3329 1380 3384; x_wconf 86' lang='lat' dir='ltr'><strong>ad</strong></span> <span class='ocrx_word' id='word_1_293' title='bbox 1406 3330 1479 3386; x_wconf 88' lang='lat' dir='ltr'><strong>Plut.</strong></span> 
     </span>
     <span class='ocr_line' id='line_1_31' title="bbox 191 3402 1480 3492; baseline 0.016 -33"><span class='ocrx_word' id='word_1_294' title='bbox 191 3403 370 3474; x_wconf 89' lang='lat' dir='ltr'><strong>Philopoem.</strong></span> <span class='ocrx_word' id='word_1_295' title='bbox 387 3420 417 3474; x_wconf 90' lang='lat' dir='ltr'><strong>p.</strong></span> <span class='ocrx_word' id='word_1_296' title='bbox 436 3408 477 3459; x_wconf 89' lang='grc'><strong>14.</strong></span> <span class='ocrx_word' id='word_1_297' title='bbox 512 3402 598 3460; x_wconf 88' lang='lat' dir='ltr'><strong>Held.</strong></span> <span class='ocrx_word' id='word_1_298' title='bbox 618 3403 655 3459; x_wconf 83' lang='lat' dir='ltr'><strong>ad</strong></span> <span class='ocrx_word' id='word_1_299' title='bbox 672 3405 780 3465; x_wconf 88' lang='lat' dir='ltr'><strong>Aemil.</strong></span> <span class='ocrx_word' id='word_1_300' title='bbox 799 3407 880 3466; x_wconf 91' lang='lat' dir='ltr'><strong>Paul.</strong></span> <span class='ocrx_word' id='word_1_301' title='bbox 898 3428 929 3484; x_wconf 84' lang='lat' dir='ltr'><strong>p.</strong></span> <span class='ocrx_word' id='word_1_302' title='bbox 942 3418 1001 3470; x_wconf 89' lang='grc'><strong>177.</strong></span> <span class='ocrx_word' id='word_1_303' title='bbox 1030 3412 1144 3492; x_wconf 85' lang='lat' dir='ltr'><strong>Pllugh.</strong></span> <span class='ocrx_word' id='word_1_304' title='bbox 1162 3417 1200 3473; x_wconf 88' lang='lat' dir='ltr'><strong>ad</strong></span> <span class='ocrx_word' id='word_1_305' title='bbox 1217 3418 1287 3478; x_wconf 82' lang='lat' dir='ltr'><strong>Eur.</strong></span> <span class='ocrx_word' id='word_1_306' title='bbox 1307 3420 1419 3484; x_wconf 87' lang='lat' dir='ltr'><strong>Helen.</strong></span> <span class='ocrx_word' id='word_1_307' title='bbox 1436 3441 1480 3480; x_wconf 88' lang='lat' dir='ltr'><strong>vs.</strong></span> 
     </span>
     <span class='ocr_line' id='line_1_32' title="bbox 193 3493 776 3572; baseline 0.01 -19"><span class='ocrx_word' id='word_1_308' title='bbox 193 3501 253 3554; x_wconf 84' lang='grc'><strong>905.</strong></span> <span class='ocrx_word' id='word_1_309' title='bbox 271 3514 300 3568; x_wconf 91' lang='grc' dir='ltr'><strong>Ρ.</strong></span> <span class='ocrx_word' id='word_1_310' title='bbox 319 3501 362 3552; x_wconf 91' lang='grc'><strong>91.</strong></span> <span class='ocrx_word' id='word_1_311' title='bbox 397 3493 516 3552; x_wconf 85' lang='lat' dir='ltr'><strong>Jacobs.</strong></span> <span class='ocrx_word' id='word_1_312' title='bbox 535 3495 649 3556; x_wconf 85' lang='lat' dir='ltr'><strong>Socrat.</strong></span> <span class='ocrx_word' id='word_1_313' title='bbox 667 3517 697 3572; x_wconf 88' lang='lat' dir='ltr'><strong>p.</strong></span> <span class='ocrx_word' id='word_1_314' title='bbox 715 3505 776 3559; x_wconf 90' lang='grc'><strong>074.</strong></span> 
     </span>
    </p>
   </div>
   <div class='ocr_carea' id='block_1_17' title="bbox 265 3641 1192 3729">
    <p class='ocr_par' dir='ltr' id='par_1_17' title="bbox 265 3641 1192 3729">
     <span class='ocr_line' id='line_1_33' title="bbox 265 3641 1192 3729; baseline 0.017 -27"><span class='ocrx_word' id='word_1_315' title='bbox 265 3662 294 3717; x_wconf 75' lang='grc' dir='ltr'><strong>Ρ.</strong></span> <span class='ocrx_word' id='word_1_316' title='bbox 314 3650 363 3711; x_wconf 88' lang='grc'><strong>04,</strong></span> <span class='ocrx_word' id='word_1_317' title='bbox 381 3650 424 3703; x_wconf 88' lang='grc'><strong>05.</strong></span> <span class='ocrx_word' id='word_1_318' title='bbox 460 3641 549 3716; x_wconf 74' lang='grc' dir='ltr'><strong><em>ἄτιμον</em></strong></span> <span class='ocrx_word' id='word_1_319' title='bbox 565 3652 608 3700; x_wconf 72' lang='grc' dir='ltr'><strong>καὶ</strong></span> <span class='ocrx_word' id='word_1_320' title='bbox 624 3645 726 3723; x_wconf 69' lang='grc' dir='ltr'><strong><em>ολφτλον]</em></strong></span> <span class='ocrx_word' id='word_1_321' title='bbox 761 3649 902 3725; x_wconf 81' lang='lat' dir='ltr'><strong>Aeschyl.</strong></span> <span class='ocrx_word' id='word_1_322' title='bbox 922 3652 1052 3729; x_wconf 78' lang='lat' dir='ltr'><strong>Choepll.</strong></span> <span class='ocrx_word' id='word_1_323' title='bbox 1069 3676 1113 3717; x_wconf 82' lang='lat' dir='ltr'><strong>vs.</strong></span> <span class='ocrx_word' id='word_1_324' title='bbox 1132 3666 1192 3719; x_wconf 80' lang='grc'><strong>093.</strong></span> 
     </span>
    </p>
   </div>
   <div class='ocr_carea' id='block_1_18' title="bbox 463 3761 1144 3848">
    <p class='ocr_par' dir='ltr' id='par_1_18' title="bbox 463 3761 1144 3848">
     <span class='ocr_line' id='line_1_34' title="bbox 463 3761 1144 3848; baseline 0.024 -32"><span class='ocrx_word' id='word_1_325' title='bbox 463 3786 561 3817; x_wconf 85' lang='grc' dir='ltr'><strong><em>παντων</em></strong></span> <span class='ocrx_word' id='word_1_326' title='bbox 577 3761 641 3818; x_wconf 85' lang='lat' dir='ltr'><strong>d</strong></span> <span class='ocrx_word' id='word_1_327' title='bbox 624 3788 741 3837; x_wconf 81' lang='grc' dir='ltr'><strong><em>οτιμον</em></strong></span> <span class='ocrx_word' id='word_1_328' title='bbox 758 3766 899 3840; x_wconf 76' lang='grc' dir='ltr'><strong><em>κᾶφιλον</em></strong></span> <span class='ocrx_word' id='word_1_329' title='bbox 916 3771 1036 3842; x_wconf 60' lang='lat' dir='ltr'><strong>&amp;reponem</strong></span> <span class='ocrx_word' id='word_1_330' title='bbox 1050 3775 1144 3848; x_wconf 84' lang='grc' dir='ltr'><strong><em>χρόνῳ.</em></strong></span> 
     </span>
    </p>
   </div>
   <div class='ocr_carea' id='block_1_19' title="bbox 199 3877 1490 4042">
    <p class='ocr_par' dir='ltr' id='par_1_19' title="bbox 199 3877 1490 4042">
     <span class='ocr_line' id='line_1_35' title="bbox 199 3877 1490 3971; baseline 0.023 -39"><span class='ocrx_word' id='word_1_331' title='bbox 199 3877 274 3934; x_wconf 86' lang='lat' dir='ltr'><strong>Plut.</strong></span> <span class='ocrx_word' id='word_1_332' title='bbox 301 3879 352 3937; x_wconf 84' lang='lat' dir='ltr'><strong>vit.</strong></span> <span class='ocrx_word' id='word_1_333' title='bbox 381 3878 455 3951; x_wconf 90' lang='lat' dir='ltr'><strong>Lyc.</strong></span> <span class='ocrx_word' id='word_1_334' title='bbox 481 3898 507 3936; x_wconf 89' lang='lat' dir='ltr'><strong>c.</strong></span> <span class='ocrx_word' id='word_1_335' title='bbox 532 3881 656 3942; x_wconf 84' lang='lat' dir='ltr'><strong>XXIV.</strong></span> <span class='ocrx_word' id='word_1_336' title='bbox 680 3885 723 3940; x_wconf 78' lang='grc' dir='ltr'><strong>διὰ</strong></span> <span class='ocrx_word' id='word_1_337' title='bbox 749 3886 780 3941; x_wconf 85' lang='grc' dir='ltr'><strong>τὸ</strong></span> <span class='ocrx_word' id='word_1_338' title='bbox 809 3889 900 3958; x_wconf 72' lang='grc' dir='ltr'><strong><em>κομιδῆ</em></strong></span> <span class='ocrx_word' id='word_1_339' title='bbox 928 3890 973 3945; x_wconf 78' lang='grc' dir='ltr'><strong><em>οὖν</em></strong></span> <span class='ocrx_word' id='word_1_340' title='bbox 996 3893 1104 3949; x_wconf 85' lang='grc' dir='ltr'><strong><em>πλοντον</em></strong></span> <span class='ocrx_word' id='word_1_341' title='bbox 1137 3893 1258 3966; x_wconf 75' lang='grc' dir='ltr'><strong><em>ἄζηλον</em></strong></span> <span class='ocrx_word' id='word_1_342' title='bbox 1282 3909 1421 3971; x_wconf 73' lang='grc' dir='ltr'><strong><em>γεγονέναι</em></strong></span> <span class='ocrx_word' id='word_1_343' title='bbox 1448 3912 1490 3961; x_wconf 75' lang='grc' dir='ltr'><strong>καὶ</strong></span> 
     </span>
     <span class='ocr_line' id='line_1_36' title="bbox 199 3969 656 4042; baseline 0.018 -17"><span class='ocrx_word' id='word_1_344' title='bbox 199 3969 322 4042; x_wconf 76' lang='grc' dir='ltr'><strong><em>ἄτομον.</em></strong></span> <span class='ocrx_word' id='word_1_345' title='bbox 654 3997 656 4005; x_wconf 88' lang='grc'><strong><em>·</em></strong></span> 
     </span>
    </p>
   </div>
   <div class='ocr_carea' id='block_1_20' title="bbox 186 4121 1492 4295">
    <p class='ocr_par' dir='ltr' id='par_1_20' title="bbox 186 4121 1492 4295">
     <span class='ocr_line' id='line_1_37' title="bbox 243 4121 1492 4217; baseline 0.015 -37.342"><span class='ocrx_word' id='word_1_346' title='bbox 243 4142 296 4203; x_wconf 91' lang='grc' dir='ltr'><strong>Ρ.</strong></span> <span class='ocrx_word' id='word_1_347' title='bbox 315 4129 363 4189; x_wconf 87' lang='grc'><strong>04,</strong></span> <span class='ocrx_word' id='word_1_348' title='bbox 382 4130 424 4182; x_wconf 90' lang='grc'><strong>07.</strong></span> <span class='ocrx_word' id='word_1_349' title='bbox 460 4121 602 4197; x_wconf 75' lang='grc' dir='ltr'><strong><em>ον’ρκροοιν]</em></strong></span> <span class='ocrx_word' id='word_1_350' title='bbox 637 4126 682 4182; x_wconf 81' lang='lat' dir='ltr'><strong>Ita</strong></span> <span class='ocrx_word' id='word_1_351' title='bbox 702 4130 831 4186; x_wconf 82' lang='lat' dir='ltr'><strong>restituit</strong></span> <span class='ocrx_word' id='word_1_352' title='bbox 843 4130 1001 4205; x_wconf 80' lang='lat' dir='ltr'><strong>Wyticnh</strong></span> <span class='ocrx_word' id='word_1_353' title='bbox 1020 4134 1088 4195; x_wconf 88' lang='lat' dir='ltr'><strong>eB.</strong></span> <span class='ocrx_word' id='word_1_354' title='bbox 1102 4135 1136 4192; x_wconf 93' lang='grc' dir='ltr'><strong>Ε.</strong></span> <span class='ocrx_word' id='word_1_355' title='bbox 1157 4135 1234 4197; x_wconf 87' lang='lat' dir='ltr'><strong>Mez.</strong></span> <span class='ocrx_word' id='word_1_356' title='bbox 1252 4143 1382 4217; x_wconf 82' lang='lat' dir='ltr'><strong>etjam</strong></span> <span class='ocrx_word' id='word_1_357' title='bbox 1384 4147 1492 4204; x_wconf 80' lang='lat' dir='ltr'><strong>volue-</strong></span> 
     </span>
     <span class='ocr_line' id='line_1_38' title="bbox 186 4196 673 4295; baseline 0.004 -23"><span class='ocrx_word' id='word_1_358' title='bbox 186 4196 247 4295; x_wconf 22' lang='lat' dir='ltr'><strong>*rat*</strong></span> <span class='ocrx_word' id='word_1_359' title='bbox 265 4214 395 4288; x_wconf 81' lang='lat' dir='ltr'><strong>Xyland.</strong></span> <span class='ocrx_word' id='word_1_360' title='bbox 425 4215 506 4272; x_wconf 79' lang='lat' dir='ltr'><strong>Vulo</strong></span> <span class='ocrx_word' id='word_1_361' title='bbox 488 4216 673 4292; x_wconf 67' lang='lat' dir='ltr'><strong>gordyaeorum.</strong></span> 
     </span>
    </p>
   </div>
   <div class='ocr_carea' id='block_1_21' title="bbox 185 4364 1491 4540">
    <p class='ocr_par' dir='ltr' id='par_1_21' title="bbox 185 4364 1491 4540">
     <span class='ocr_line' id='line_1_39' title="bbox 185 4364 1491 4446; baseline 0.022 -28"><span class='ocrx_word' id='word_1_362' title='bbox 185 4364 188 4372; x_wconf 90' lang='lat'>&#39;</span> <span class='ocrx_word' id='word_1_363' title='bbox 267 4383 296 4439; x_wconf 87' lang='lat' dir='ltr'><strong>p.</strong></span> <span class='ocrx_word' id='word_1_364' title='bbox 314 4370 364 4437; x_wconf 85' lang='grc'><strong>04,</strong></span> <span class='ocrx_word' id='word_1_365' title='bbox 374 4371 424 4424; x_wconf 89' lang='grc'><strong>08.</strong></span> <span class='ocrx_word' id='word_1_366' title='bbox 457 4366 628 4445; x_wconf 71' lang='grc' dir='ltr'><strong><em>ΠορμενΕης]</em></strong></span> <span class='ocrx_word' id='word_1_367' title='bbox 662 4369 850 4428; x_wconf 82' lang='lat' dir='ltr'><strong>Parmenides</strong></span> <span class='ocrx_word' id='word_1_368' title='bbox 864 4376 1024 4434; x_wconf 87' lang='lat' dir='ltr'><strong>secundum</strong></span> <span class='ocrx_word' id='word_1_369' title='bbox 1039 4378 1230 4437; x_wconf 81' lang='lat' dir='ltr'><strong>Plutarchum</strong></span> <span class='ocrx_word' id='word_1_370' title='bbox 1243 4381 1391 4442; x_wconf 82' lang='lat' dir='ltr'><strong>Amorem</strong></span> <span class='ocrx_word' id='word_1_371' title='bbox 1410 4393 1491 4446; x_wconf 78' lang='lat' dir='ltr'><strong>enti-</strong></span> 
     </span>
     <span class='ocr_line' id='line_1_40' title="bbox 200 4457 1491 4540; baseline 0.024 -30"><span class='ocrx_word' id='word_1_372' title='bbox 200 4457 371 4531; x_wconf 86' lang='lat' dir='ltr'><strong>quissimum</strong></span> <span class='ocrx_word' id='word_1_373' title='bbox 392 4477 465 4531; x_wconf 86' lang='lat' dir='ltr'><strong>opus</strong></span> <span class='ocrx_word' id='word_1_374' title='bbox 486 4461 705 4520; x_wconf 75' lang='lat' dir='ltr'><strong>Venerisfecit.</strong></span> <span class='ocrx_word' id='word_1_375' title='bbox 741 4463 799 4519; x_wconf 87' lang='lat' dir='ltr'><strong>Sed</strong></span> <span class='ocrx_word' id='word_1_376' title='bbox 820 4467 884 4538; x_wconf 81' lang='lat' dir='ltr'><strong>jure</strong></span> <span class='ocrx_word' id='word_1_377' title='bbox 907 4467 1040 4526; x_wconf 84' lang='lat' dir='ltr'><strong>dubitare</strong></span> <span class='ocrx_word' id='word_1_378' title='bbox 1059 4470 1144 4539; x_wconf 87' lang='lat' dir='ltr'><strong>licet,</strong></span> <span class='ocrx_word' id='word_1_379' title='bbox 1171 4492 1242 4529; x_wconf 92' lang='lat' dir='ltr'><strong>num</strong></span> <span class='ocrx_word' id='word_1_380' title='bbox 1260 4488 1342 4534; x_wconf 89' lang='lat' dir='ltr'><strong>reete</strong></span> <span class='ocrx_word' id='word_1_381' title='bbox 1363 4480 1491 4540; x_wconf 74' lang='lat' dir='ltr'><strong>Plutar-</strong></span> 
     </span>
    </p>
   </div>
   <div class='ocr_carea' id='block_1_22' title="bbox 104 4548 1484 4700">
    <p class='ocr_par' dir='ltr' id='par_1_22' title="bbox 104 4548 1484 4700">
     <span class='ocr_line' id='line_1_41' title="bbox 104 4548 1484 4700; baseline 0.024 -100"><span class='ocrx_word' id='word_1_382' title='bbox 104 4562 161 4700; x_wconf 42' lang='grc' dir='ltr'>κ</span> <span class='ocrx_word' id='word_1_383' title='bbox 197 4548 270 4604; x_wconf 81' lang='lat' dir='ltr'><strong>chus</strong></span> <span class='ocrx_word' id='word_1_384' title='bbox 292 4549 434 4610; x_wconf 86' lang='lat' dir='ltr'><strong>retulerit.</strong></span> <span class='ocrx_word' id='word_1_385' title='bbox 475 4552 550 4609; x_wconf 85' lang='lat' dir='ltr'><strong>Nam</strong></span> <span class='ocrx_word' id='word_1_386' title='bbox 573 4557 623 4630; x_wconf 91' lang='lat' dir='ltr'><strong>qui</strong></span> <span class='ocrx_word' id='word_1_387' title='bbox 651 4557 810 4630; x_wconf 82' lang='lat' dir='ltr'><strong>scriptores</strong></span> <span class='ocrx_word' id='word_1_388' title='bbox 837 4561 929 4617; x_wconf 85' lang='lat' dir='ltr'><strong>citant</strong></span> <span class='ocrx_word' id='word_1_389' title='bbox 952 4554 1080 4621; x_wconf 78' lang='lat' dir='ltr'><strong>versum</strong></span> <span class='ocrx_word' id='word_1_390' title='bbox 1096 4561 1297 4635; x_wconf 84' lang='lat' dir='ltr'><strong>Parmenidis‚</strong></span> <span class='ocrx_word' id='word_1_391' title='bbox 1335 4575 1484 4631; x_wconf 84' lang='lat' dir='ltr'><strong>omittunt</strong></span> 
     </span>
    </p>
   </div>
   <div class='ocr_carea' id='block_1_23' title="bbox 0 0 1533 4994">
    <p class='ocr_par' dir='ltr' id='par_1_23' title="bbox 0 0 1533 4994">
     <span class='ocr_line' id='line_1_42' title="bbox 0 0 1533 4994; baseline 0 0"><span class='ocrx_word' id='word_1_392' title='bbox 0 0 1533 4994; x_wconf 95' lang='lat' dir='ltr'><strong> </strong></span> 
     </span>
    </p>
   </div>
  </div>
 </body>
</html>
