3036 4994
591 207 843 278 ΕΡΩΤΙΚΟΣ
1314 216 1351 280 dl

12 364 23 459 J
69 377 245 456 gubernare
263 376 359 456 magis
380 370 525 438 convenit
540 377 614 450 deo,
634 395 725 455 quam
739 373 941 455 pulchrorum
956 387 986 438 et
998 375 1223 442 touuoeomm.
1264 378 1353 444 Nihil

12 470 21 511 '⁶
69 480 149 543 cuim
177 482 272 544 habet
298 493 401 560 turpe,
431 477 508 544 nihil
536 491 702 542 coacturus
733 480 946 560 persuadendo
974 491 1005 543 et
1030 481 1129 560 gratia
1157 483 1249 546 labor
1277 505 1353 548 sere

72 584 173 649 dulcis
193 587 291 648 lactus
312 583 395 646 ducit
415 586 454 646 ael
475 582 619 647 virtutem
640 594 671 646 ut
685 583 869 646 arnicitiamt
892 605 971 664 quae
984 606 1082 667 neque
1096 586 1162 650 sine
1177 591 1234 652 deo
1249 599 1352 670 potest

70 694 110 752 ad
130 689 262 753 debitum
283 689 374 752 finem
395 687 579 768 pervenire:
603 709 702 771 neque
722 687 815 750 alium
837 691 928 751 habet
946 691 1053 751 ducem
1074 703 1104 754 et
1123 691 1291 772 praesidem
1313 695 1352 760 de

71 791 147 867 diis,
167 815 256 876 quam
276 794 443 866 Amorem,
464 795 642 866 Musarum,
664 793 842 857 Gratiarum
864 803 893 855 et
914 790 1050 856 Veneris
1068 796 1219 859 sodalem.
1250 794 1351 865 Desi.

70 895 162 965 derit
181 897 261 962 euim
279 917 424 964 suavem
442 908 591 980 seqetem
613 896 793 964 seminans
820 895 929 961 tacite
954 894 993 961 in
1019 895 1090 964 uiri
1108 901 1351 988 praecordiis,

68 1016 102 1065 ut
122 1003 164 1066 ait
184 1002 430 1092 Melanippides,
450 1000 629 1064 suavissima
650 1001 866 1082 pulcherrimis
886 1000 1065 1085 permiscet.
1104 1005 1172 1068 Aut
1192 1013 1351 1089 quomodo
1370 1008 1377 1027 '
1402 1050 1405 1055 -

67 1106 158 1175 aliter
179 1109 332 1183 dicemus,
353 1104 540 1186 Zeuxippe?

143 1238 241 1308 XVI.
260 1227 264 1232 ’
281 1234 420 1300 Omnino
441 1234 487 1298 sic
506 1233 720 1316 potissimum,
751 1235 793 1300 ait
812 1234 875 1300 hic.
918 1235 1121 1302 Contrarium
1142 1237 1222 1304 enim
1243 1251 1349 1321 aperte

64 1343 233 1405 absurdum
253 1352 314 1404 est.
354 1341 435 1402 Tum
456 1352 564 1420 pater:
595 1341 724 1415 Nonne,
750 1340 868 1422 inquit,
888 1343 1055 1406 absurdum
1075 1355 1106 1406 et
1125 1345 1187 1408 hoc
1207 1343 1261 1420 sit,
1282 1367 1352 1411 cum

64 1444 219 1510 amicitiae
239 1456 375 1529 quatuor
392 1443 454 1506 sint
474 1465 605 1525 genera,
626 1442 706 1506 sicut
726 1444 844 1528 antiqui
865 1444 1089 1521 distinxerunt,
1109 1446 1241 1529 primum
1261 1462 1352 1514 natu.

65 1549 153 1626 rale,
184 1553 347 1612 secundum
378 1547 592 1628 cognationis,
622 1546 744 1609 tertium
775 1546 951 1624 societatis,
983 1563 1126 1634 quartum
1154 1553 1289 1628 arnonis,
1318 1565 1351 1627 et

65 1656 200 1738 quodvis
220 1652 409 1735 reliquorum
423 1653 533 1714 habeat
548 1655 636 1714 deum
651 1651 784 1737 aliquem
799 1652 859 1716 sibi
873 1653 1062 1734 praesectum
1071 1699 1081 1732 ,
1101 1654 1167 1719 sive
1181 1656 1349 1723 Amicitiae

61 1769 242 1841 pauonum,
261 1755 328 1821 sive
340 1755 551 1837 Hospitalenr,
571 1755 638 1821 sive
659 1756 831 1832 Gentilem,
851 1769 904 1820 aut
923 1760 1110 1824 Paternum:
1132 1761 1232 1825 solum
1254 1786 1349 1847 quar·

61 1873 140 1939 tum,
161 1862 250 1944 quasi
270 1860 412 1942 impium,
433 1863 550 1944 absque
570 1874 779 1942 procuratore
799 1861 1015 1943 relinquatur?
1043 1887 1112 1929 cum
1134 1867 1256 1949 quidem
1278 1871 1348 1949 plu·

61 1965 172 2031 rimnm
202 1988 293 2030 curae
320 1979 351 2030 et
380 1963 616 2051 gubernationis
647 1964 814 2029 desideret.
858 1967 897 2029 Id
923 1989 1069 2050 qnoque,
1099 1968 1202 2050 ajebat
1227 1971 1300 2046 ille,
1330 1995 1350 2036 a

61 2071 182 2136 ratione
195 2083 241 2135 est
255 2071 399 2134 alienum.
440 2070 628 2143 Enimvero,
648 2067 751 2132 intulit
765 2081 868 2148 pater,
890 2067 1045 2144 [Platonis
1060 2094 1185 2157 qnoque
1199 2074 1350 2141 sententia

62 2175 262 2260 disputationi
277 2188 402 2240 nostrae
421 2175 472 2237 vel
486 2171 658 2254 praeterire
680 2171 798 2237 volenti
818 2195 938 2236 manum
958 2173 1108 2256 injiciat].
1148 2180 1255 2241 Furor
1268 2177 1349 2242 enirn

59 2305 77 2346 a
99 2304 235 2365 corpore
255 2279 286 2344 in
308 2279 437 2343 animam
457 2277 576 2342 deditus
600 2275 780 2358 intemperie
803 2277 926 2362 aliqua,
955 2292 1007 2342 aut
1026 2280 1268 2358 commixtione,
1296 2295 1349 2348 aut
1466 2288 1469 2295 '

61 2386 152 2451 noxii
178 2384 305 2468 spiritus
332 2383 460 2466 illapsu,
488 2384 616 2446 morbus
641 2395 687 2447 est
710 2403 801 2466 asper
824 2404 861 2445 ae
882 2382 1027 2448 difficilis.
1067 2384 1160 2450 Alius
1180 2403 1279 2452 autem
1299 2402 1349 2455 est

62 2595 261 2662 conturbatio
283 2591 428 2668 rationis,
448 2591 577 2676 ejusque
590 2591 776 2675 principium
791 2605 822 2655 et
837 2605 938 2657 motus
951 2615 968 2658 a
983 2595 1112 2660 meliore
1126 2611 1171 2663 est
1184 2597 1346 2665 facultate.

60 2700 140 2785 Ejus
160 2699 331 2765 communis
359 2697 494 2763 adlectio
516 2709 650 2762 vocatur
669 2697 913 2773 enthusiasmos,
943 2699 997 2780 qui
1019 2715 1067 2765 est
1084 2701 1177 2767 furor
1197 2701 1348 2768 divinitus

59 2806 223 2870 immissus.
264 2802 451 2869 sicutenim
472 2797 614 2886 ἔμπνουν
634 2814 782 2876 vocatur,
813 2809 898 2887 quod
919 2803 1030 2886 spiritu
1050 2818 1097 2869 est
1116 2806 1288 2887 repletum,
1314 2821 1349 2874 et

62 2907 205 2997 ἔμφρον,
225 2912 311 2993 qnod
332 2905 516 2990 prudentias
543 2905 586 2969 ita
606 2904 784 2988 hujusmodi
805 2906 977 2993 exagitatio
998 2920 1029 2972 et
1048 2910 1211 2976 fluctuatio
1231 2911 1349 2977 animae

60 3013 283 3083 enthusiasmos
309 3012 439 3089 dicitur,
469 3013 513 3074 ob
539 3008 848 3075 communicationem
879 3011 1045 3077 divinioris
1072 3014 1243 3080 facultatis.
1283 3018 1349 3087 Ene

61 3122 300 3185 thusiasmorum
320 3139 420 3200 porro
449 3135 546 3198 genus
573 3114 758 3180 divinationi
778 3116 1001 3200 conjunctum,
1028 3119 1234 3202 neapolim
1254 3120 1349 3204 inspi-

60 3237 167 3291 rante:
189 3245 258 3288 eum
278 3219 497 3294 bacchatione,
516 3242 533 3284 a
554 3217 675 3283 Libero
696 3231 742 3283 est
760 3233 868 3302 patre:

254 3347 300 3412 Et
318 3369 398 3413 eum
418 3342 678 3429 Corybantibus
697 3346 892 3433 rubebitis,

61 3478 163 3563 inquit
183 3476 370 3561 Sophocles.
411 3476 490 3538 Nam
511 3474 649 3558 Magnae
677 3477 782 3543 pratris
809 3492 840 3543 et
859 3479 970 3544 Panici
996 3481 1122 3547 furores
1143 3486 1259 3549 Bacchi
1281 3508 1349 3549 cum

62 3583 172 3668 Orgiis
202 3580 398 3646 conveniunt.
447 3579 587 3643 Tertium
616 3602 713 3659 genus
741 3603 758 3644 a
785 3583 888 3647 Musis
914 3599 981 3662 est,
1010 3593 1097 3672 quod
1123 3592 1289 3655 cxcitatum
1319 3591 1350 3654 iu

65 3705 170 3754 tenera
186 3684 287 3750 anima
307 3686 399 3769 alque
420 3682 557 3765 placida,
575 3683 728 3764 poeticam
750 3700 781 3751 et
800 3687 945 3754 musicam
967 3690 1028 3754 vim
1049 3695 1233 3759 exsuscitat.
1273 3695 1350 3759 Ari-

66 3792 185 3860 manius
211 3802 312 3856 autem
338 3789 391 3854 ille
418 3803 448 3855 et
474 3786 641 3854 bellicosus
667 3791 907 3872 enthusiasmus,
937 3795 1012 3861 satis
1038 3812 1146 3864 notum
1174 3812 1235 3878 est,
1265 3806 1352 3885 quod

70 4120 112 4180 D.
137 4128 161 4180 t.
196 4116 229 4176 τά
245 4122 284 4192 γε]
302 4137 318 4175 e
336 4116 493 4193 Wyttenb.
511 4119 691 4193 conjectura.
725 4118 820 4196 Vulgo
837 4120 869 4176 τά
885 4144 920 4179 τε.

71 4213 109 4269 D.
133 4219 158 4272 8.
194 4211 366 4288 παρεξιόντος]
391 4230 487 4269 emea
505 4213 684 4284 conjectura.
719 4211 820 4289 Vulgo
836 4214 995 4289 παρεξιόντα.

73 4306 110 4366 Ε.
132 4310 157 4367 l.
192 4304 273 4381 ἀρχὴν
283 4309 430 4380 memoror]
450 4304 510 4364 ΒΕ.
526 4303 592 4363 Ald.
602 4303 675 4363 Bas.
693 4303 794 4380 Vulgo
806 4302 916 4379 ἇποχὴν,
935 4307 1012 4384 qnod
1025 4306 1191 4384 Stephanus
1203 4316 1306 4372 sumsit
1317 4334 1353 4374 ex

206 4400 328 4461 Leonic.
342 4399 453 4457 Schott.
473 4398 628 4472 Wyttenb.
646 4398 757 4454 mavult
773 4401 891 4471 κατοχῆν.

76 4492 112 4550 Ε.
138 4499 164 4550 8.
196 4493 228 4548 ed
245 4492 374 4565 mande]
392 4491 453 4549 BE.
472 4486 630 4563 Wyttenb.
664 4488 765 4564 Vulgo
782 4489 867 4548 abest
881 4492 919 4548 τὸ.
974 4520 977 4525 ·

76 4587 111 4648 F.
137 4594 160 4647 1.
195 4585 362 4656 Κνρβᾶπεω]
382 4590 435 4645 BE.
456 4584 521 4643 ΑΜ,
541 4582 610 4642 Bas.
643 4581 745 4660 Vulgo
763 4583 962 4660 Κορυβάντων,
981 4587 1062 4666 qnod
1077 4608 1096 4648 a
1113 4589 1276 4666 quunhrn
1288 4608 1368 4662 prn-

213 4677 330 4735 fectum.
