3036 4994
1294 200 1354 265 059

136 341 167 396 p.
185 332 234 392 90,
251 336 296 388 36.
333 339 375 387 καὶ
398 335 485 404 βίους]
521 342 564 390 καὶ
592 356 649 396 om.
678 341 717 399 A.
748 358 786 399 m.
818 348 876 396 sed
925 343 1040 400 Tum
1028 355 1158 419 rptpom'ec
1187 355 1353 428 suspicatus

69 420 227 495 wyttenb.

133 549 161 605 p.
182 539 230 598 90,
250 538 293 590 38.
329 535 479 605 προτείνειν]
515 535 555 595 V.
575 555 662 612 supra
682 541 718 597 ad
741 562 769 612 p.
790 547 838 610 60,
857 550 901 604 19.

130 654 161 713 p.
179 648 226 707 90,
245 648 288 700 38.
323 650 351 697 τί
362 648 443 714 μισει]
477 652 599 716 τίμιος
576 670 598 702 ει
615 648 651 703 Α.
690 647 760 704 Mox'
777 675 803 704 τι
824 663 894 708 unte
907 652 1051 726 βούλεται
1042 660 1146 713 luserit
1163 660 1336 725 Wakefield.
1424 670 1429 687 ⁸

129 767 157 822 p
176 757 224 816 90,
242 757 287 808 40.
321 752 397 807 τοῦτο
414 755 505 820 λύσαι]
533 754 688 832 Wyltenb.
708 763 836 835 conjecit
853 762 883 817 ai)
901 758 964 818 αύτύ
983 769 1130 871 λυμαίνεται
1145 775 1188 823 κοιλ
1190 773 1353 844 θεραπεύει·

69 841 127 904 τούς
143 840 287 906 λύοντας
263 837 428 916 ἀπαγορεύειν
445 848 551 919 unciaru.

136 971 155 1026 p
184 960 233 1021 90,
251 962 294 1014 49.
329 961 498 1029 προσείληφε]
535 958 685 1016 (ιεευθυιιε
701 970 853 1033 βακτηρίαν,
874 962 1030 1035 Wyltenb'.
1049 964 1175 1038 βοήθειαν
1192 968 1354 1030 addendum

69 1047 192 1104 censuit.
228 1046 340 1104 Verius
358 1049 473 1105 videtur
491 1050 661 1109 Gaisfordio
678 1061 702 1108 εἴ
716 1077 743 1109 τι
758 1060 867 1127 πρυοειλ.
963 1073 964 1077 ’

132 1175 163 1229 p.
181 1163 229 1224 91,
248 1163 276 1215 4.
311 1156 443 1231 παρόντα]
478 1158 603 1230 παρόντος
620 1161 657 1220 Α.
694 1162 788 1236 Supra
808 1161 930 1238 ύπερείδει
946 1166 1053 1225 Trinc.

132 1282 162 1337 p.
182 1272 232 1331 91,
251 1269 276 1323 6.
313 1268 431 1338 πειρῶσι]
468 1268 513 1324 Ita
532 1269 688 1342 Wyttenb.
709 1274 845 1347 conjecit.
881 1273 977 1351 Vulgo
994 1277 1100 1350 πηρῶοι.

132 1390 163 1446 p.
181 1381 232 1441 91,
252 1382 280 1436 7.
313 1377 377 1442 τοῦ]
411 1375 497 1438 τὸΑ.

132 1501 162 1555 p.
180 1489 230 1550 91,
247 1491 274 1542 9.
308 1484 341 1538 τὸ
354 1489 513 1554 patrandae]
548 1487 595 1542 τού
616 1488 652 1544 A.
667 1509 706 1546 ln.
727 1509 773 1564 pr.
794 1492 824 1545 ed
843 1510 992 1567 suprascr.
1010 1495 1138 1550 τούεοΒ.
1173 1496 1249 1552 Tum
1266 1497 1354 1561 πάθος

65 1593 121 1650 pro
138 1583 198 1647 ἔρος
214 1581 252 1637 A.
273 1577 304 1637 B.
339 1577 462 1633 Versus
467 1591 514 1634 est
531 1599 567 1634 ex
586 1581 735 1654 Euripidis
756 1586 922 1657 Antigona,
950 1604 1035 1662 quem
1053 1587 1140 1642 allert
1162 1591 1251 1646 etiam
1267 1590 1351 1650 Stoh.

65 1668 106 1729 ll.
125 1669 184 1728 Tit.
203 1676 245 1729 64.
262 1690 290 1742 p-
306 1677 367 1730 415.
403 1670 477 1728 Vide
497 1672 600 1730 Manu.
619 1674 736 1748 Fragm.
756 1695 785 1750 p.
804 1684 847 1735 61.

672 1853 735 1913 IV.

128 1988 322 2046 Antecedenti
348 1989 486 2064 deinceps
515 1995 700 2064 proximum:
736 1990 892 2049 subtituto
911 1981 1060 2069 Ejusdem
1084 1997 1119 2051 de
1136 2005 1244 2054 Amore
1272 2000 1348 2072 apud

62 2082 187 2138 Gesner.
206 2082 243 2139 A.
279 2083 419 2139 Trincav.
437 2085 484 2137 τοῦ
501 2080 579 2138 edred
597 2090 654 2156 περὶ
670 2092 767 2154 ίροιτος.

127 2236 158 2290 p.
178 2225 227 2281 91,
246 2223 287 2274 1³.
322 2213 444 2285 ἐντήκειν]
486 2218 528 2274 A.
553 2215 585 2271 Β.
616 2216 708 2275 Gesn.
736 2235 829 2292 marg.
876 2216 977 2292 Vulgo
1004 2217 1117 2288 ενεὴνιιν.
1163 2190 1254 2277 Paule
1280 2233 1346 2280 ante

60 2309 164 2370 Trinc.
181 2309 302 2381 μαλακὸς.

126 2465 157 2520 p.
175 2454 224 2515 91,
244 2454 286 2505 16.
321 2447 523 2515 κατασβεσθεὶς]
558 2384 769 2510 καταοιλεύύύζλλςς
785 2450 823 2507 Α.
857 2451 1073 2511 κιιτεπασθεὶςΒ.
1105 2450 1176 2506 Mox
1193 2453 1245 2511 Tr.
1267 2451 1341 2513 οὕτω.

125 2598 156 2654 p.
173 2586 220 2649 91,
238 2587 280 2638 17.
313 2582 483 2649 πυρίκαυιον]
517 2586 686 2652 πυρίκαυστον
703 2582 881 2643 Trincavell.
918 2583 1044 2642 Mox.'
1018 2607 1132 2640 συνοικον
1149 2585 1252 2647 Trinc.

127 2735 156 2788 p.
174 2720 223 2784 91,
241 2721 284 2773 92.
319 2714 461 2785 ἀγνοεῖται]
496 2710 583 2786 (lyncei
600 2716 631 2772 Β.

676 2873 723 2954 V.

126 3033 209 3090 stob.
237 3033 277 3089 Il.
300 3034 335 3089 T.
356 3040 404 3099 66,
425 3042 451 3091 7.
475 3052 506 3107 p.
524 3039 588 3092 441.
614 3031 668 3088 sub
690 3044 760 3088 nota
778 3053 826 3106 ap.
845 3033 969 3093 Gesner.
988 3035 1146 3093 Plutarchi
1162 3035 1194 3091 in
1212 3036 1290 3092 libro
1309 3036 1344 3091 de

21 3209 25 3214 Ι
56 3134 174 3187 Amore.
199 3129 237 3184 A.
255 3127 426 3200 Πλουτάρχου
443 3135 468 3181 ἐν
485 3127 532 3180 τοῦ
547 3133 604 3200 περὶ
617 3125 735 3200 Ἔρυτος.
769 3125 872 3201 Simpl.
892 3129 1031 3187 'Princam
1049 3128 1226 3204 Πλουτάρχου.

123 3240 159 3335 p.
173 3266 222 3327 91,
241 3266 285 3320 25.
321 3256 366 3314 oria
389 3257 536 3325 ἀκίνδυνον]
572 3257 616 3314 ούιι
636 3257 762 3315 ιῖδύναεού
779 3255 837 3315 οὔδ’
858 3257 988 3317 ἇκίνδυνον
1006 3265 1044 3323 A.

123 3392 273 3448 Plutarchi
291 3393 443 3447 Eroticmn
457 3393 590 3448 mutilum
609 3393 645 3448 ad
662 3413 718 3449 nos
734 3396 921 3469 pervenisse,
946 3405 976 3449 et
995 3413 1050 3468 ego
1068 3414 1156 3468 supra
1177 3393 1342 3471 significavi

56 3497 87 3543 et
110 3486 160 3542 alii
182 3496 247 3540 ante
269 3503 314 3541 me
340 3486 553 3540 intellexerunt.
592 3487 659 3555 Sic,
684 3496 716 3541 ut
741 3487 797 3542 alia
820 3497 1015 3561 praeteream,
1035 3488 1179 3560 integram
1196 3489 1344 3562 Zeuxippi

57 3581 222 3636 orationem
241 3580 366 3653 periisse
387 3598 423 3633 ex
445 3597 469 3633 c.
489 3579 573 3637 XXI.
601 3600 630 3654 p.
650 3587 698 3636 767
726 3580 758 3635 C.
786 3577 806 3634 ai
826 3584 955 3650 Δαφναῖε,
981 3580 1046 3652 πρὸς
1072 3589 1175 3643 laetiore
1200 3581 1342 3653 μαχόμεθα

57 3673 194 3744 λόγους,
223 3670 278 3734 οὓς
303 3668 316 3726 ὅ
340 3673 520 3734 Ζεύξιππος
538 3671 656 3746 ἀρτίοις
678 3674 817 3742 διῆλθεν
846 3684 874 3729 et
898 3692 923 3733 c.
942 3673 1053 3729 XXIV.
1075 3695 1104 3747 p.
1123 3682 1172 3732 769
1193 3675 1225 3733 Ε.
1245 3676 1341 3730 malli-

56 3768 162 3823 festum
181 3775 235 3824 est.
260 3765 325 3821 Jam
342 3767 427 3840 hujus
442 3768 585 3822 orationis
601 3767 684 3842 quale
701 3767 790 3821 fuerit
803 3779 1019 3839 argumentum,
1037 3766 1122 3821 facile
1139 3777 1184 3822 est
1198 3767 1341 3824 divinare.

58 3861 229 3933 Zeuxippus
253 3860 347 3923 enim,
374 3860 452 3916 hand
472 3859 558 3916 dubie
577 3859 744 3916 Stoicorum
768 3859 874 3933 placita
893 3860 927 3915 de
949 3879 1048 3915 amore
1070 3871 1202 3927 secutus,
1229 3861 1259 3915 id
1278 3878 1341 3915 ma-

56 3955 271 4026 xime'egerat‚
304 3963 336 4007 ut
359 3951 514 4007 mulierum
536 3971 665 4008 amorem
684 3953 846 4026 exagitaret
869 3952 999 4028 nihilque
1020 3951 1056 4030 ad
1082 3953 1217 4008 virtutem
1238 3964 1267 4008 et
1285 3955 1340 4008 ho-

54 4054 198 4100 nestatem
218 4046 353 4100 conferre
371 4043 525 4117 probarem
546 4045 598 4101 sed
615 4045 696 4101 illum
711 4063 775 4100 esse
790 4047 1006 4101 inconstantem
1026 4054 1055 4099 et
1069 4043 1237 4100 mutabilem
1256 4047 1341 4118 cupi-

57 4137 193 4203 ditatem,
221 4138 379 4194 multorum
396 4135 532 4193 dolorum
549 4141 739 4212 genitricem,
762 4139 912 4214 solumque
936 4157 1095 4212 puerorum
1119 4157 1247 4193 amorem
1270 4139 1341 4194 reli-

56 4239 161 4303 querat
184 4239 213 4285 et
232 4242 384 4303 praeterea
405 4230 496 4287 multa
517 4230 552 4287 de
574 4233 672 4287 causis
692 4241 721 4285 et
738 4230 901 4304 originibus
925 4233 1034 4288 amoris
1058 4233 1246 4288 disseruerat.
1281 4232 1341 4287 Ant

56 4322 171 4395 egregie
187 4321 282 4391 fallor,
304 4334 353 4380 ant
375 4342 449 4401 quae
470 4324 546 4398 apud
567 4323 725 4380 Stcbaenm
744 4324 880 4400 leguntur
900 4317 1080 4399 fragmenta,
1106 4335 1200 4380 sumta
1218 4335 1286 4380 sunt
1302 4343 1339 4382 ex

55 4414 104 4470 illa
125 4414 271 4487 Zeuxippi
294 4419 446 4486 oratione,
473 4419 505 4473 in
528 4436 584 4492 qna
607 4417 761 4474 refutanda
779 4418 886 4474 multus
907 4428 952 4474 est
968 4419 1117 4474 Plutarchi
1136 4428 1228 4492 pater.
1264 4418 1340 4474 Nam

56 4519 85 4562 et
105 4525 205 4562 omnes
227 4507 288 4562 lere
308 4525 375 4578 res,
401 4529 473 4584 quas
490 4511 577 4566 modo
595 4512 835 4577 commemoravi,
854 4513 884 4565 in
904 4511 962 4567 illis
982 4513 1165 4587 attinguntur
1182 4522 1337 4577 eteorum,

55 4620 130 4678 quae
150 4611 216 4658 ante
235 4619 251 4658 a
271 4601 422 4664 Plutarchi
440 4615 524 4680 patre
548 4604 627 4662 dicta
653 4615 735 4675 sunt,
763 4605 887 4678 diligens
907 4607 984 4664 ratio
1008 4603 1147 4675 hahetur,
1174 4616 1206 4662 ut
1227 4603 1336 4662 n·.111.
1422 4626 1432 4655 ι
