3036 4994
165 150 203 213 40
627 139 959 208 HAOYTAPXOY

163 303 235 389 ἔσχε
259 303 354 390 τιμάς
376 303 467 392 παρὰ
495 302 667 369 Φωκεῦσιν.
706 299 906 388 Ἡρακλέους
932 302 967 367 δέ
995 300 1071 376 τούς
1094 305 1155 384 μέν
1180 296 1304 377 ἀλλους
1329 295 1469 384 ἔρωτος’

164 405 259 494 ἔργον
280 409 366 474 έστλν
384 402 483 471 εἰπεῖν
501 405 555 470 διά
576 405 724 484 πλῆθος·
761 403 885 470 Ἰόλαον
905 405 939 469 δέ
959 404 1140 489 νομίζοντες
1161 401 1329 489 έρύμευον
1354 402 1451 471 αὐτοῦ

114 522 138 579 Ε
163 512 346 596 γεγονέναι,
375 513 469 599 μέχρι
494 511 552 574 νῦν
578 500 729 591 σέβονται
753 513 808 573 καὶ
833 512 985 592 τιμῶσιν,
1011 507 1152 592 ’Ἑρωτος
1183 500 1304 593 ὅρκους
1335 507 1451 571 τέἰιαί

164 614 286 691 πίστεις
311 615 363 679 έπὶ
388 616 445 677 τοῦ
467 611 574 698 τάφου
598 611 687 700 παρά
707 613 769 676 τῶν
791 613 955 699 ἐρωμένων
977 609 1207 694 λαμβάνοντες.
1246 609 1401 693 Λέγεται
1418 607 1450 673 δέ

166 721 223 782 καὶ
247 719 305 796 τήν
315 716 485 795 Ἄλκηστιν
508 711 650 801 ἰατρικός
671 712 714 780 ἀν
732 714 976 799 ἀπεγνωσμένην
993 716 1098 779 σεῖσαι
1119 713 1163 802 τῷ
1177 708 1333 800 Ἀδμήτῳ
1357 733 1449 797 χαρι-

165 815 314 899 ζόμενος,
345 818 456 905 ἐρῶντι
473 823 532 901 μέν
552 816 638 908 αὐτῷ
657 821 713 898 τῆς
732 819 903 900 γυναικός,
932 819 1075 906 ἐρωμένῳ
1094 813 1121 881 δ’
1144 813 1244 880 αὐτοῦ
1260 815 1449 903 γενομένω·

76 988 80 995 ,
167 925 224 987 καὶ
245 923 308 1007 γάρ
334 922 391 987 τὸν
410 920 601 987 Ἀπόλλωνα
618 921 864 1006 μυθολογοῦσιν
883 922 1020 1008 ἐραστήν
1038 919 1209 1002 γενόμενον

353 1045 501 1139 Ἀδμήτῳ
520 1051 772 1137 παραθητεῦσαι
789 1049 892 1132 μέγαν
912 1044 956 1125 εἰς
975 1044 1131 1112 ένιοιυτόν.

164 1161 214 1238 Eu}
229 1174 264 1238 δέ
282 1197 349 1253 πως
363 1175 414 1242 έπλ
432 1175 563 1261 μνήμην
579 1167 685 1256 ήλθεν
703 1174 970 1260 ἡμῖν’Ἀλκηστις.
1000 1165 1197 1262 ’Ἀρεοςγάρ
1221 1173 1260 1238 σύ
1282 1174 1380 1240 πάνυ
1399 1176 1453 1268 με’

165 1297 252 1341 τεστι
263 1282 403 1362 γυναικὶ,
426 1277 447 1356 ή
468 1277 495 1342 δ”
518 1277 551 1358 i}
562 1277 705 1369 Ἔρωτος
720 1281 840 1365 κατοχὴ
859 1278 1035 1364 προάγεταί
1050 1302 1079 1343 τι
1095 1279 1220 1368 τολμᾷν
1233 1277 1331 1364 παρὰ
1351 1277 1457 1366 φύσιν

167 1384 223 1450 καὶ
246 1379 477 1461 ἀποθνήσκειν.
509 1381 555 1449 Εἰ
577 1383 680 1464 δήπου
701 1408 731 1448 τι
749 1388 805 1448 καὶ
828 1383 946 1466 μύθων
971 1382 1052 1466 πρὸς
1078 1380 1186 1446 πίστιν
1213 1379 1340 1466 ὄφελός
1372 1383 1454 1459 ἐστι,

115 1490 139 1547 F
168 1481 265 1561 δηλοῖ
283 1484 323 1548 τά
347 1489 419 1570 περὶ
442 1487 501 1566 τήν
520 1485 710 1567 Ἄλκηστιν,
740 1492 796 1553 καὶ
821 1487 1067 1574 Πρωτεσίλεων,
1098 1487 1152 1549 καί
1178 1483 1372 1570 Εὐρυδίκην
1398 1485 1456 1566 τήν

165 1581 326 1672 Ὀρφέως,
347 1583 393 1653 ότι
407 1588 496 1682 μόνιρ
510 1592 598 1655 θεῶν
612 1585 751 1671 δ”Αιδης
762 1591 878 1677 ’Ἔρωτι
891 1592 980 1654 ποιεῖ
992 1589 1029 1653 τό
1045 1585 1347 1675 προσταττόμενον..
1367 1588 1457 1656 Kai-

169 1709 221 1752 τοι
239 1689 322 1775 πρός
338 1716 374 1776 γε
393 1691 466 1770 τοῦς
485 1691 617 1772 ἀλλους,
635 1688 676 1770 ύίς
690 1715 772 1780 φησι
783 1694 969 1781 Σοφοκλῆς,
989 1687 1136 1768 ἅπαντας
1231 1706 1234 1715 “

365 1818 444 1885 θῦτε
464 1819 635 1898 τούπιεικές
654 1821 725 1886 οὔτε
744 1822 802 1901 τήν
818 1819 914 1907 χάριν

366 1913 474 2002 Οἶδεν,
492 1922 597 2008 μόνην
616 1926 652 1991 δέ
671 1924 798 2013 στέρξαι
816 1926 874 2004 τήν
894 1923 1001 2000 ἁπλοῦς
1022 1921 1126 2003 δίκην·

169 2044 307 2116 αἰδεῖται
329 2053 363 2118 δέ
377 2053 451 2130 τούς
467 2055 621 2142 ἐρῶντας,
642 2058 698 2120 καὶ
717 2051 830 2140 μόνοις
850 2051 973 2128 τούτοις
991 2050 1047 2116 οὐκ
1064 2049 1151 2116 ἔστιν
1168 2046 1361 2135 ἀδάμαστος
1379 2050 1458 2116 οὐδ’

169 2152 337 2241 ἀμείλιχος.
368 2152 481 2224 Ὅθεν
500 2156 634 2244 ἀγαθόν
652 2165 729 2243 μέν,
755 2147 779 2223 ὦ
801 2158 921 2243 έταῖρε,
946 2157 1002 2235 τῆς
1020 2155 1054 2219 έν
1071 2151 1227 2218 Ἐλευσῖνι
1244 2155 1370 2228 τελετάς
1391 2180 1455 2237 με-

168 2264 313 2342 τασχεῖν·
333 2261 392 2342 έγώ
414 2261 448 2325 δέ
465 2261 531 2347 ὁροῦ
550 2266 617 2340 τοῖς
625 2263 767 2350 Ἔρωτος
787 2259 974 2348 ὀργιασταῖς
992 2262 1047 2324 καὶ
1062 2256 1199 2343 μύσταις
1218 2256 1251 2320 έν
1271 2250 1356 2344 ᾅδου
1366 2257 1451 2339 βελ-

96 2384 153 2436 ηςη
170 2358 260 2424 τίονα
273 2367 394 2448 μοῖραν
408 2354 520 2446 οὖσαν,
543 2364 610 2431 οῦτι
626 2368 693 2442 τοῖς
708 2364 829 2449 μύθοις
847 2363 1058 2442 πειθόμενος,
1078 2359 1117 2425 οῦ
1135 2360 1201 2444 μήν
1214 2356 1283 2425 οῦδὲ
1297 2356 1447 2423 ἀπιστῶν

125 2530 130 2536 ,
173 2461 394 2527 παντάπασιν*
417 2455 451 2531 εύ
468 2469 531 2552 γάρ
552 2468 591 2545 δή
611 2470 754 2553 λέγουσι,
774 2471 830 2531 καὶ
850 2465 932 2554 θείᾳ
952 2470 1014 2531 τινὶ
1033 2463 1108 2557 τύχῃ
1127 2461 1271 2552 ψαύουσι
1286 2465 1344 2528 τοῦ
1367 2460 1452 2542 ἀλη-

174 2565 260 2640 θοῦς
294 2568 437 2650 λέγοντες
462 2568 495 2649 έξ
523 2564 606 2660 ᾅδου
641 2572 708 2645 τοῖς
740 2571 900 2655 έρωτικοῖς
937 2567 1057 2632 ἀνοδον
1089 2563 1135 2644 εἰς
1169 2566 1240 2653 φῶς
1276 2563 1451 2651 ὑπάρχειν·

175 2661 238 2744 ὅπη
259 2669 293 2731 δὲ
313 2674 367 2734 καὶ
384 2663 486 2747 όπιις,
508 2671 695 2754 ἀγνοοῦσιν,
716 2667 820 2759 ὥσπερ
840 2668 986 2755 ἀτραποῦ
999 2669 1245 2760 διαμαρτόντες,
1264 2665 1308 2750 ἣν
1323 2672 1454 2757 πρῶτος

175 2767 360 2854 ἀνθρώπων
380 2772 434 2835 διά
453 2772 653 2861 φιλοσοφίας
671 2772 812 2839 Πλάτων
829 2775 966 2839 κατεῖδε·
986 2774 1093 2839 καίτοι
1112 2772 1224 2839 λεπταί
1242 2793 1326 2849 τινες
1346 2769 1453 2860 ἀπόρ-

175 2873 263 2959 ροιαι
281 2878 337 2939 καὶ
357 2873 500 2959 ἀμυδραὶ
518 2877 575 2954 τής
597 2874 758 2958 ἀληθείας
775 2875 870 2942 ἔνεισι
888 2881 958 2955 ταῖς
975 2874 1161 2961 Αἰγυπτίων
1180 2875 1454 2962 ἐνδιεσπαρμέναι

173 2977 404 3062 μυθολογίαις,
435 2976 518 3042 ἀλλά
544 2974 714 3063 ἰχνηλάτου
733 2980 838 3044 δεινοῦ
857 2981 983 3045 δέονται
1002 2985 1057 3046 καὶ
1076 2978 1199 3064 μεγάλα
1218 2981 1350 3066 μικροῖς
1370 2979 1452 3044 έλεῖν

100 3092 148 3151 ,Β
178 3081 365 3162 δυναμένου.
403 3081 461 3145 Διό
480 3082 581 3145 ταῦτα
592 3088 651 3166 μέν
667 3084 780 3169 ἐῶμεν,
800 3083 879 3166 μετά
894 3084 928 3148 δέ
943 3084 1001 3163 τήν
1017 3080 1110 3168 ἰσχύν
1122 3083 1331 3170 τοῦἜρωτσς
1348 3071 1450 3146 ούσαν

174 3183 349 3264 τοσαύτην,
368 3183 429 3263 ήδη
449 3183 506 3261 τήν
525 3185 606 3271 πρὸς
625 3184 819 3275 ἀνθρώπους
837 3185 997 3270 εὐμένειαν
1013 3190 1068 3251 καὶ
1082 3184 1177 3270 χάριν
1192 3187 1373 3264 ἐπισκοπῶ,
1395 3183 1451 3249 οῦκ

177 3287 208 3352 εἰ
224 3288 329 3360 πολλά
348 3290 415 3364 τοῖς
429 3291 602 3373 χρωμένοις
621 3288 736 3375 ἀγαθά
751 3295 924 3377 περιποιεῖ,
947 3292 1028 3368 δήλα
1046 3290 1108 3377 γάρ
1131 3290 1197 3354 ἐστι
1214 3288 1316 3354 ταῦτά
1334 3315 1372 3374 γε
1388 3290 1451 3356 ποῖ-

176 3412 246 3467 σιυ,
275 3390 342 3456 ἀλλ’
363 3387 393 3457 εἰ
408 3391 541 3456 πλείονα
563 3397 618 3458 καὶ
635 3392 764 3478 μείζονα
785 3395 859 3471 τούς
877 3395 1013 3482 έράντας
1039 3392 1138 3458 αύτοῦ
1161 3391 1313 3471 ὀνίνησιν.
1347 3392 1453 3471 Ἐπεὶ,

176 3493 290 3582 καίπερ
307 3491 350 3559 ὢν
367 3495 513 3584 ἐρωτικός
532 3495 756 3586 όΕύριπίδης,
774 3498 811 3562 τό
833 3496 1047 3586 σμικρότατον
1066 3494 1319 3580 ἀπεθαύμασεν,
1341 3490 1452 3578 εἰπόν,

831 3625 965 3706 ποιητήν
984 3624 1049 3713 ἀρα

277 3768 281 3772 ,
363 3724 466 3815 Ἔρως
488 3723 644 3806 διδάσκει,
662 3723 723 3792 κάν
743 3725 885 3812 ἀμουσος
903 3717 924 3818 ή
943 3727 979 3792 τό
998 3728 1083 3816 πρίν.

119 3909 120 3912 .
177 3853 320 3922 Συνετύν
337 3877 371 3919 τε
389 3855 451 3941 γάρ
470 3859 572 3935 ποιεῖ,
591 3851 652 3919 κάν
670 3853 822 3945 ῥᾴθυμος
840 3845 862 3948 ᾖ
882 3855 918 3920 τό
939 3858 1029 3941 πρὶν·
1058 3853 1293 3941 καὶάνδρεῖον,
1321 3843 1345 3945 ᾗ
1364 3855 1454 3920 λέλε-

179 3983 267 4040 κται,
287 3959 344 4024 τόν
356 3957 515 4042 ἀτολμον,
534 3953 637 4046 όίσπερ
656 3961 687 4024 οἱ
705 3959 744 4024 τά
762 3959 1085 4046 ξύλαπυρακτοῦντες
1106 3961 1140 4025 έκ
1157 3959 1312 4045 μαλακῶν
1333 3954 1456 4049 ἰσχυρά

173 4149 394 4166 m

177 4274 211 4332 F.
234 4283 261 4333 4.
294 4273 438 4342 τούπιεικὲς]
457 4275 675 4336 Valckenarius.
710 4277 809 4353 Vulgo
826 4278 856 4333 τὸ
870 4283 978 4343 ίπιεικές.

182 4371 221 4424 Α.
245 4376 269 4425 1.
305 4367 369 4435 ούτι]
390 4369 424 4424 Ε.
459 4367 553 4442 Vulgo
572 4366 653 4426 οὗτοι.

180 4461 217 4516 Α.
237 4466 264 4521 2.
297 4463 344 4517 τοῦ
360 4459 484 4531 ἀληθοῦς]
508 4461 670 4533 Xylander.
704 4463 804 4539 Vulgo
826 4465 871 4521 τοῦ
888 4470 905 4535 †
924 4472 1039 4538 λέγοντες.

178 4555 217 4609 Α.
240 4561 265 4611 4.
301 4552 439 4626 ἀγνοοῦσιν]
465 4554 522 4613 BE.
557 4554 651 4630 Vulgo
669 4553 796 4626 ἀγνοοῦσι.
