3036 4994
175 168 215 230 ιτ
661 157 992 227 ΠΛΟΥΤΛΡΧΟΥ

128 342 152 400 c
176 324 316 390 ποιοῦσι.
346 321 527 410 Δωρητικός
540 323 575 388 δέ
588 323 644 386 καὶ
660 320 781 397 ἁπλοῦς
796 323 851 385 καὶ
865 315 1083 408 μεγαλόφρων
1095 318 1216 403 γίνεται
1229 319 1297 396 πῶς
1316 317 1468 408 ἐραστὴς,

175 425 239 493 κάν
265 427 415 514 γλίσχρος
443 416 464 518 ᾖ
487 423 671 512 πρότερον,
708 425 766 504 τῆς
791 421 1003 507 μικρολογίας
1027 424 1084 486 καλ
1113 421 1343 509 φιλαργυρίας
1377 420 1467 503 δίκην

175 526 312 617 σιδήρου
335 530 389 594 διὰ
415 527 517 616 πυρὸς
540 525 721 610 ἀνιεμένης·
751 519 831 589 ὥστε
859 523 984 609 χαίρειν
1007 526 1075 601 τοῖς
1099 523 1271 608 ἐρωμένοις
1291 522 1469 603 διδόντας,

176 629 219 709 ῶς
235 629 310 719 παρ’
332 631 445 719 έτέρων
467 629 505 694 οῦ
524 629 693 716 χαίρουσιν
710 625 803 693 αὐτοὶ
822 628 1053 711 λαμβάνοντες.
1084 625 1168 692 Ἴσκε
1184 625 1248 715 γάρ
1269 624 1407 707 δήπου,
1427 626 1465 705 τίς

172 732 294 824 ’Λνῦτῳ
310 731 547 816 Ἀνθεμίωνος,
566 731 679 818 ε’ρῶντι
696 737 756 815 μὲν
772 727 996 812 Ἀλκιβιάδου,
1017 729 1126 809 ξένους
1144 729 1179 793 δέ
1198 727 1352 795 ἑστιῶντι
1373 732 1466 817 φιλο·

175 834 272 917 τίμως
296 839 350 901 καὶ
377 834 545 922 λαμπρῶς,
574 832 777 916 ἐπεκώμασεν
800 831 819 896 ὁ
846 831 1050 914 Ἁλκιβιάδης
1078 835 1136 899 καλ
1167 832 1280 916 λαβὼν
1310 830 1386 899 ἇπό
1414 835 1467 914 τῆς

175 937 331 1024 τραπέζης
349 933 395 1014 εἰς
413 931 513 1021 ἥμισυ
531 937 594 1002 τῶν
612 934 807 1019 ἐκπωμάτων
825 933 993 1014 ἀπῆλθεν·
1022 934 1217 1021 ἀχθομένων
1235 935 1272 1000 δέ
1288 937 1363 1001 τῶν
1374 935 1467 1017 ξένων

174 1042 231 1103 καῖ
243 1037 418 1122 λεγόντων,
439 1039 663 1125 ,Ὺβριστικῶς
677 1060 730 1103 σοι
743 1041 893 1126 κέχρηται
907 1041 965 1103 καὶ
979 1035 1193 1127 ὑπερηφάνως
1206 1036 1243 1101 τό
1254 1035 1466 1124 μειράκιον·“

122 1149 149 1207 D
175 1140 447 1229 ,Φιλανθρῶπως
459 1149 519 1226 μέν
532 1132 628 1222 οόν“,
648 1141 816 1218 όἌνυτος
828 1132 913 1220 εἷπε,
934 1139 1064 1223 ,πάντα
1076 1140 1139 1229 γάρ
1152 1139 1228 1220 ένῆν
1240 1136 1334 1231 αὐτῷ
1346 1142 1468 1227 λαβεῖν,
1499 1214 1502 1221 ,

174 1241 194 1309 ό
214 1244 250 1309 δέ
272 1244 369 1330 κάμοί
389 1247 533 1312 τοσαῦτα
552 1247 818 1313 καταλέλοιπεν.“

251 1393 295 1476 ιή.
328 1394 474 1473 Ἡσθεὶς
501 1387 558 1461 οῦν
586 1394 604 1460 ὁ
632 1393 828 1475 Ζεύξιππος,
854 1385 1108 1483 ὮἩράκλεις,
1141 1395 1248 1475 εἴπεν,
1283 1393 1330 1474 ῶς
1358 1394 1468 1484 ὀλίγον
1503 1406 1509 1491 λ

175 1497 340 1565 διελόσατε
365 1500 446 1584 πρὸς
465 1496 603 1564 ’Ἀνυτον
627 1497 687 1578 τὴν
707 1495 772 1562 άπό
791 1496 984 1584 Σωκράτους
1003 1500 1061 1563 καὶ
1080 1495 1286 1588 φιλοσοφίας
1302 1500 1468 1588 πατρικὴν
1505 1540 1509 1585 :

180 1599 324 1687 ἔχθραν,
354 1599 385 1668 εἰ
407 1605 512 1694 πρᾷος
536 1591 578 1682 ἦν
605 1596 687 1666 οὕτω
709 1605 783 1687 περὶ
807 1598 911 1687 ἔρωτα
935 1603 990 1664 καλ
1016 1606 1175 1682 γενναῖος.
1212 1589 1306 1681 Εἶεν,
1339 1591 1469 1668 εἶπενό

174 1701 297 1791 πατὴρ,
327 1704 360 1768 ἐκ
381 1705 415 1769 δὲ
435 1703 600 1770 δυσκόλων
622 1709 677 1770 καὶ
698 1705 903 1791 σκυθρωπῶν
922 1708 991 1781 τοῖς
1010 1704 1163 1769 συνοῦσιν
1181 1691 1217 1770 τῦ
1235 1709 1330 1772 ποιεῖ
1349 1709 1468 1798 φιλαν·
1507 1708 1509 1775 i

174 1809 407 1896 θρωποτέρους
425 1813 482 1874 καὶ
500 1808 619 1890 ἡδίους.
678 1878 687 1891 ,
1507 1814 1509 1821 ’

358 1932 554 2022 Λίθομένου
573 1939 636 2028 γάρ
658 1937 759 2027 πυρός
776 1937 997 2028 γεραρώτερον
1015 1928 1107 2005 οἷκον
1128 1936 1287 2018 ἰδέσθαι,

173 2039 230 2102 καλ
253 2034 453 2126 ἄνθρωπον,
481 2040 523 2119 ῶς
542 2040 640 2122 ἔοικε,
670 2043 889 2132 φαιδρότερον
914 2041 976 2107 ὑπὸ
1003 2044 1060 2121 τῆς
1079 2044 1230 2130 ἐρωτικῶς
1246 2041 1471 2133 θερμότητος.

170 2136 256 2206 Ἀλλ’
285 2143 317 2207 ολ
342 2145 459 2212 πολλοὶ
479 2145 671 2234 παράλογόν
700 2170 732 2212 τι
755 2145 980 2212 πεπόνθασιν·
1019 2143 1061 2210 άν
1083 2151 1143 2231 μέν
1168 2147 1204 2211 έν
1224 2142 1312 2234 οίκὶρ
1334 2145 1468 2235 νύκτωρ

123 2249 149 2307 E
175 2247 272 2321 σέλας
291 2246 398 2327 ἴδωσι,
429 2250 527 2314 θεῖον
546 2249 702 2335 ἡγοῦνται
725 2255 782 2316 καλ
801 2249 1029 2335 θαυμάζουσι·
1069 2248 1180 2338 ψυχὴν
1204 2248 1237 2313 δέ
1257 2247 1383 2333 μικράν
1405 2254 1468 2314 καί

175 2348 328 2428 ταπεινὴν
351 2355 408 2416 καλ
432 2349 548 2436 άγεννῆ
573 2353 708 2439 ὁρῶντες
735 2353 888 2442 ἐξαίφνης
915 2353 1206 2436 ὑποπιμπλαμένην
1228 2346 1461 2440 φρονήματος,

175 2447 380 2535 ἐλευθερίας,
407 2453 608 2540 φιλοτιμίας,
633 2453 781 2542 χάριτος,
808 2456 978 2544 άφειδίας,
1004 2455 1061 2523 οὐκ
1081 2451 1319 2539 άναγκάζονται
1340 2453 1465 2540 λέγειν,

177 2546 257 2625 ῶςὸ
281 2552 485 2638 Τηλέμαχος,

365 2667 412 2744 Ἠ
424 2680 515 2764 μάλα
535 2705 583 2760 τις
601 2683 684 2762 θεὸς
704 2682 807 2752 ἔνδον.

174 2801 291 2871 Ἐκεῖνο
319 2806 372 2882 δέ,
403 2795 489 2873 εἶπεν
516 2809 534 2873 ό
563 2811 747 2900 Δαφναῖος,
780 2815 862 2903 πρὸς
880 2815 1020 2903 χαρίτων
1040 2814 1079 2882 οῦ
1107 2812 1299 2902 δαιμόνιονς
1329 2811 1466 2882 ὅτιτῶν

175 2907 283 2974 ἄλλων
303 2911 322 2975 δ
344 2910 492 2997 ἐρωτικός
514 2911 624 2997 ὀλίγου
644 2916 711 2981 δεῖν
733 2915 884 2983 ἁπάντων
901 2923 1120 3008 περιφρονῶν,
1144 2919 1183 2986 οῦ
1200 2917 1310 3004 μόνον
1328 2919 1465 3009 ἑταίρων

175 3015 233 3078 καλ
256 3008 401 3093 οἰκετῶν,
422 3012 506 3080 άλλά
524 3020 579 3081 καῖ
598 3017 707 3103 νόμων
726 3025 783 3087 καὶ
802 3021 965 3110 άργόντων
983 3027 1041 3089 καὶ
1058 3024 1237 3107 βασιλέων,
1257 3022 1464 3115 φοβούμενος

176 3116 211 3180 δέ
232 3116 334 3199 μηδὲν
352 3118 435 3200 μηδὲ
456 3118 639 3203 θαυμάζων
658 3125 741 3207 μηδὲ
762 3124 972 3212 θεραπεύων,
993 3124 1076 3192 άλλά
1094 3130 1152 3194 καλ
1170 3126 1228 3192 τὸν
1286 3140 1289 3145 “

375 3246 538 3331 αι’γματάν
556 3250 712 3338 κεραυνόν

177 3358 246 3448 οἶος
265 3366 309 3436 ῶν
326 3369 514 3460 ὑπομένειν,
536 3371 606 3462 άμα
624 3381 669 3468 τῷ
688 3378 746 3446 τὸν
765 3382 868 3448 καλόν
887 3378 982 3463 ἰδεῖν,

122 3510 147 3566 F
359 3501 488 3584 Ἔπτηξ’
508 3503 647 3595 άλέκτωρ
669 3508 786 3575 δοῦλον
806 3504 848 3586 ῶς
866 3511 978 3589 κλίνας
998 3512 1131 3601 πτερόν,

175 3630 231 3693 καὶ
253 3627 290 3694 τό
309 3628 440 3718 θράσος
460 3633 667 3700 ἐκκέκλασται
685 3639 742 3702 καὶ
759 3637 996 3705 κατακέκοπταί
1018 3643 1050 3705 οἱ
1068 3641 1106 3707 τὸ
1124 3643 1181 3723 τῆς
1197 3644 1308 3734 ψυχῆς
1326 3647 1460 3734 γαῦρον.

168 3728 281 3812 ’Ἀξιον
310 3734 345 3798 δέ
370 3735 531 3824 Σαπφοῦς
558 3740 650 3826 παρά
678 3741 750 3816 ταῖς
777 3738 931 3819 Μοῦσαις
954 3746 1186 3827 μνημονεῦσαι·
1219 3746 1279 3812 τόν
1305 3755 1372 3833 μέν
1401 3751 1460 3837 γάρ

169 3832 356 3924 Ἡφαίστου
382 3838 486 3905 παῖδα
504 3837 657 3923 Ῥωμαῖοι
682 3841 799 3908 Κακόν
819 3845 985 3929 ἱστοροῦσι
1007 3849 1069 3934 πῦρ
1097 3851 1153 3915 καί
1175 3847 1304 3938 φλόγας
1326 3850 1462 3942 άφιέναι
1503 3816 1508 3979 1

185 3970 427 3985 ᾖ

175 4071 210 4134 C.
235 4079 260 4131 1.
295 4077 322 4128 δὲ
337 4077 380 4129 καὶ
394 4071 496 4141 άπλοῦς]
521 4072 581 4130 ΒΕ.
617 4075 713 4151 Vulgo
730 4082 757 4133 δὲ
772 4073 864 4142 ίιπλῶς.
899 4079 935 4134 In
951 4079 1020 4143 Ald.
1039 4085 1105 4141 Bas.
1122 4077 1218 4147 άπλοῦς
1234 4085 1300 4142 sine
1318 4096 1377 4146 καί.
1428 4044 1455 4079 ’Δ

175 4163 212 4220 D.
234 4171 260 4224 l.
293 4162 385 4234 πάντα]
406 4165 466 4223 ΒΕ.
504 4169 599 4244 Vulgo
616 4171 708 4227 ταῦτα.

175 4257 216 4313 Ι).
235 4263 263 4316 4.
297 4257 423 4317 ouum
438 4261 509 4334 πρός]
527 4262 683 4335 Wyttenh.
697 4263 778 4320 dedit
789 4269 902 4328 διέλνσας
915 4267 946 4323 τό
963 4268 1033 4341 πρός.
1059 4269 1093 4325 In
1107 4269 1163 4329 ΒΕ.
1180 4282 1225 4328 est
1238 4271 1380 4331 διελάσατο
1393 4274 1464 4351 πρός.

176 4347 216 4410 D.
232 4347 272 4411 ib.
298 4352 430 4426 πατρικὴν]
450 4353 510 4411 ΒΕ.
546 4355 642 4430 Vulgo
659 4358 789 4428 πατρικὸν.

177 4439 216 4497 D.
235 4447 261 4501 5.
295 4448 358 4514 τίεν,
377 4450 453 4513 εἶπεν]
477 4447 633 4521 Wyttenb.
655 4468 670 4504 e
691 4450 749 4509 ΒΕ.
769 4451 845 4508 Mez.
864 4451 933 4525 Xyl.
967 4453 1068 4530 Vulgo
1088 4462 1150 4521 εἶεν,
1167 4462 1232 4518 εἶτα.

178 4533 217 4591 λ).
238 4541 264 4596 6.
299 4538 417 4592 συνοῦσιν
432 4538 460 4595 εῦ
478 4544 552 4608 ποιεῖ]
576 4542 635 4600 ΒΕ.
655 4541 724 4602 Ald.
758 4544 859 4619 Vulgo
879 4547 982 4602 συνοῦσι
992 4558 1067 4607 ποιεῖ.
1102 4546 1162 4605 Sed
1178 4546 1308 4609 sortasse
1326 4554 1464 4614 scriben-

310 4627 393 4686 dumz
416 4628 447 4686 οὐ
462 4641 541 4702 ποιεῖ,
562 4646 593 4693 ut
610 4637 649 4695 sit
666 4638 868 4714 interrogatio.
