3036 4994
164 205 205 277 τι
249 298 252 303 ,
647 193 980 269 6666666606

166 360 244 440 κός,
257 356 288 426 εἰ
307 353 342 425 δί
359 356 462 446 έριιτα
484 360 540 425 καὶ
560 358 701 423 πλούτου
723 354 952 446 ἀπορρίψομεν
970 347 1227 442 Ἱσμηνοδύραν,
1246 353 1379 440 βαρεῖα
1401 351 1462 439 χόρ

166 466 223 529 καί
240 461 397 541 πλουσία·
415 459 448 531 τί
468 458 540 540 666
560 459 644 540 καλὴ
663 462 721 524 καὶ
739 462 814 539 νέας
833 457 865 524 τί
882 458 918 524 δέ
939 455 964 537 ἡ.
980 458 1063 539 μένει
1082 455 1213 542 σοβαρὰ
1232 457 1293 523 66
1307 453 1463 603 ἔνδοξοςς

167 569 204 639 αδ
222 565 260 644 δέ
281 563 460 652 σύιμρονες
466 563 540 635 ούδὲ
558 560 722 650 αύστηρὸν
739 565 797 629 καί
816 562 1100 647 κατιχρυπαμένον
1119 558 1296 644 ἐπαχθές.
1307 588 1367 625 ..α

169 693 226 744 και,
213 666 521 757 όυσκαρτέρητον”
502 688 627 752 εχοοσι,
645 669 701 730 καὶ
712 664 828 742 ποινὰς
842 665 1001 735 καλοῦσιν
1013 662 1127 741 αύτάς,
1147 665 1283 739 καὶτοῖς
1295 604 1464 750 6666666

116 782 144 840 D
170 765 438 860 ὀρχιζομένας,”
418 793 468 835 οτι
495 771 740 856 σαφρονούσινς
769 757 853 855 Αρα
873 755 932 832 ούν
947 767 1121 856 κράτιστον
1144 763 1320 890 έξάχνρᾶς
1343 771 1465 889 χαμείν

164 872 371 1000 Ἀβρότονόν
386 894 460 951 τινα
484 868 701 963 Θρῇσσαν,’
679 898 700 950 η
721 871 871 955 Βακχίδα
891 868 1100 949 666666’
1080 870 1251 951 ανέγχνον
1253 869 1463 954 ἐπαγομένην

171 975 245 1044 δι”
223 980 306 1058 ανιῖς
318 980 375 1055 καὶ
387 973 661 1060 καταχυσμάτων,
671 973 772 1049 Ἀλλὰ
785 977 840 1038 καὶ
845 971 984 1053 ταύταις
993 972 1086 1057 ἴσμεν
1098 969 1156 1047 ούκ
1170 969 1352 1059 όλίχους”
1307 993 1465 1059 αισχιοτα

169 1068 421 1157 δουλεύσαντας
448 1078 647 1166 αὐλητρίδες
662 1079 697 1144 δὲ
713 1076 849 1161 Σάμιαι
859 1080 922 1149 καὶ
936 1073 1159 1164 ὀρχηστρίδες,
1176 1072 1398 1163 Ἀριστονίκα
1411 1080 1465 1143 καί

169 1179 380 1271 τύμπανον,ν
361 1203 481 1268 τχουσα
506 1177 659 1263 (δίνάνθη
679 1185 736 1247 καί
761 1178 983 1265 Ἀγαθοκλεία
1002 1178 1183 1261 διαδήμασι
1202 1179 1466 1262 βασιλέανέιιέ

167 1288 288 1372 βησαν.
308 1285 360 1351 Ἡ
375 1287 410 1351 δὲ
424 1285 517 1372 Σύρα
537 1284 719 1370 Σεμίραμις
733 1282 1000 1372 ,οἰκότριβοςμέν
1014 1273 1056 1363 ἦν
1074 1283 1246 1366 βασιλικοῦ
1266 1279 1466 1370 θεράπαινα

166 1390 451 1510 παλδμκευομένη·
491 1387 596 1454 Νίνου
619 1389 729 1459 66666
747 1386 891 1473 μεγάλου
909 1387 1080 1472 βασιλέως4
1095 1382 1280 1470 ἐντυχόντος
1297 1383 1390 1479 αύτῇ
1410 1389 1465 1453 καί

168 1488 383 1615 στέρξαντος,
401 1485 501 1575 ούτως
519 1489 685 1577 ἐκράτησε
694 1513 752 1557 και
767 1487 1030 1577 κατεφρόνησεν,
1051 1485 1141 1555 ὥστε.
1149 1486 1299 1569 ἀξιῶσαι·
1304 1491 1365 1555 καὶ
1381 1489 1466 1577 μίαν

169 1594 296 1682 ἡμέραν
319 1592 419 1674 αὐτὴν
438 1593 626 1692 περιίδείν’
611 1613 645 1657 ευ
662 1615 706 1683 τῳ
692 1591 842 1682 θρόνῳ
858 1588 1131 1677 καθεζομένην,
1113 1610 1252 1687 εχουσαν
1264 1613 1302 1657 το
1290 1588 1467 1679 ἀιόδημα

123 1696 148 1753 Ε
172 1720 229 1762 και
249 1695 526 1783 χρηματίζουσαν
548 1687 661 1796 δόντος
681 1658 751 1761 δέ’
735 1695 870 1775 εκείνου,
888 1699 946 1761 καὶ
958 1691 1175 1798 ’κελεύσαντος
1196 1692 1324 1814 πάντας
1345 1693 1468 1783 ύττηρε.

170 1801 254 1880 τείν,
276 1794 382 1885 ῶσπερ
392 1795 505 1887 αύτῶ,
527 1821 583 1862 και
572 1789 797 1878 πείθεσθαι,
817 1795 955 1885 μετρίας
960 1793 1082 1922 ἐχρῆτο
1105 1801 1172 1875 τοῖς
1195 1794 1335 1895 πρῶτοις
1355 1798 1469 1867 ἕπετό·

171 1921 291 1985 χ,μασι
307 1897 495 1987 πειρωμένη
519 1899 583 1967 τῶν
610 1899 819 1990 δορυφόρων*
846 1903 913 1968 ἐπεὶ
942 1901 1020 1967 δέ
1005 1900 1090 1989 εώρα
1110 1902 1215 1992 μηδὲν
1238 1898 1469 1987 ἀντιλέγοντας

171 2000 296 2085 μηδέ’
278 2006 473 2081 οκνοῦντας,
503 2005 644 2070 εκέλεοσε
666 2000 857 2088 συλλαβεῖν
860 2005 916 2070 τόν
934 2005 1058 2084 Νίνον,
1085 1993 1154 2069 εἶτα
1177 2002 1288 2085 δῆσαι,
1315 2007 1411 2084 τέλος
1432 2007 1469 2071 δέ

175 2103 379 2171 ἀποκτεῖναι·
404 2108 622 2195 πραχθέντων
644 2108 679 2173 δὲ
700 2106 848 2188 πάντων,
875 2107 1062 2192 ἐβασίλευσε
1083 2108 1142 2187 τῆς
1157 2105 1269 2183 Ἀόίας
1294 2107 1469 2196 ἐπιφανῶς

123 2215 147 2271 F
175 2210 277 2276 πολύν
289 2209 417 2297 χρόνον.
434 2209 487 2275 Ἡ
497 2211 531 2276 δὲ
547 2209 730 2296 Βιλιστίχη,
750 2210 833 2298 πρὸς
848 2211 924 2288 Διὸς
933 2257 942 2290 ,
968 2207 1008 2276 ού
1025 2209 1201 2298 βάρβαρον
1216 2207 1247 2288 ἐξ
1264 2205 1389 2296 ἀγορᾶς
1403 2208 1467 2292 χύ-

173 2334 287 2392 ναιον,
306 2303 345 2391 ἦς
359 2312 429 2397 ίερά
448 2315 506 2376 καὶ
517 2313 617 2389 ναούς
634 2311 853 2400 Ἀλεξανδρεῖς
874 2312 1018 2398 ἔχουσιν,
1038 2315 1277 2404 ἐπιγράψαντος
1290 2308 1462 2400 δι”ἕρωτα

174 2417 233 2480 τού
251 2417 425 2507 βασιλέρις,
450 2415 648 2504 Ἀφροδίτης
666 2417 869 2503 Βιλιστίχηςς
886 2418 934 2482 Ἡ
948 2420 983 2484 δέ
998 2417 1138 2495 σύνναος
1158 2423 1219 2502 μέν
1236 2416 1394 2482 έντόυθοῐ
1405 2419 1467 2482 καὶ

176 2519 323 2603 συνίερος
334 2519 402 2583 τού
413 2517 557 2603 Ἔρωτος
576 2519 778 2604 έν-Δελφοίς,
804 2517 1008 2606 κατάχρυσος
1029 2517 1059 2584 δ’
1080 2521 1206 2587 ἑστῶσα
1223 2519 1306 2605 μετὰ
1325 2520 1390 2585 τῶν
1405 2519 1470 2602 βα

177 2622 291 2686 σιλέαν
304 2623 360 2684 καὶ
371 2621 562 2702 βασιλειῶν,
577 2618 665 2709 ποίρι
677 2624 790 2707 προικὶ
806 2624 869 2686 τῶν
881 2623 1025 2709 ἐραστῶν
1038 2623 1235 2708 ε’κράτησενς
1250 2617 1337 2688 Ἀλλ’
1359 2616 1469 2709 ὥσπερ

177 2726 292 2790 ἐκείνοι
316 2724 358 2789 δι’
380 2720 561 2787 ἀσθένειαν
581 2722 702 2786 εἀυτῶν
730 2726 786 2787 καί
811 2724 979 2805 μαλακίαν
1008 2724 1136 2792 ἔλαθον
1157 2772 1258 2799 .....
1273 2771 1282 2791 .
1300 2722 1470 2810 γενόμενοι

111 2841 161 2894 754
178 2827 250 2898 λεία
271 2828 447 2910 γυναικῶν,
468 2819 550 2892 σύτο
567 2823 667 2890 πόλιν
681 2825 795 2907 ἄδοξοι
809 2831 866 2894 καὶ
885 2831 1018 2910 πένητες
1029 2831 1133 2916 ἕτεροι
1148 2829 1324 2907 πλουσίαις
1343 2825 1470 2914 χυναιξι

177 2932 235 2995 καὶ
253 2933 419 3016 λαμπραῖς
439 2927 667 3010 συνελθόντες,
688 2929 727 2996 ού
747 2930 998 3021 διεφθάρησαν,
1018 2934 1093 3001 ούδὲ
1109 2933 1240 3024 ύφῆκάυ
1258 2957 1291 2999 τι
1309 2934 1373 3000 τού
1386 2952 1469 3022 φρο-

177 3031 337 3116 νήματος,
364 3030 449 3098 ἀλλά
468 3031 639 3118 τιμώμενοι
665 3039 721 3100 καὶ
745 3038 937 3124 κρατοῦντες
954 3036 1020 3123 μετ’
1046 3036 1175 3116 εύνοίας
1196 3034 1469 3123 συγκατεβίωσαν.

174 3133 212 3199 ‘0
233 3137 267 3200 δὲ
281 3137 461 3201 συστέλλων
475 3136 534 3216 τὴν
546 3160 699 3222 χυναικα,
719 3143 775 3205 καὶ
789 3138 936 3225 συνάγων
949 3137 994 3219 εἰς
1006 3142 1137 3229 μικρὸν,
1157 3136 1262 3227 ῶσπερ
1262 3136 1468 3213 δακτυλίους

179 3234 380 3314 δακτύλων
366 3240 484 3324 ισχνῶν
502 3240 548 3323 μὴ
569 3264 724 3366 περιρρυη
712 3237 907 3323 δεδιὼς,“
888 3243 1002 3328 ομοιός
1021 3245 1088 3311 εστι
1101 3248 1169 3322 τοῖς
1185 3242 1402 3331 ἀποκείρουσι
1415 3239 1470 3316 τὰς

180 3337 317 3421 ίππους,
345 3331 415 3407 εἶτα
431 3343 513 3432 πρός
532 3345 682 3426 ποταμόν
702 3346 722 3426 ἡ
718 3343 896 3429 λίμνηυ”
874 3367 1005 3431 αγουσι·
1024 3350 1229 3436 καθορῶσαν
1246 3345 1311 3434 χάρ
1335 3343 1471 3423 ἑκάστην

180 3443 240 3525 τὴν
260 3440 370 3511 εἰκόνα
393 3470 452 3527 της
470 3445 576 3534 ὄφεως
600 3448 727 3529 ἀκαλλῆ
753 3454 809 3518 καὶ
835 3449 1008 3540 δίμορφον,
1038 3450 1171 3540 ἀφιέναι
1191 3450 1232 3516 τά
1250 3448 1470 3540 φριμάγμυτν

184 3574 398 3586 ——n-

180 3633 218 3690 D
243 3639 269 3696 1.
303 3631 508 3715 ἀραούι.]ΒΕ
541 3635 672 3712 Vulg60
655 3661 705 3712 ρα
722 3661 774 3695 666

179 3726 221 3784 D.
244 3733 270 3784 6.
306 3711 440 3800 ἀνέχχύοι]
459 3746 473 3783 e
491 3747 555 3785 mea
573 3732 753 3805 conjectura.
788 3731 865 3787 vulo
848 3739 997 3805 g6677666.

178 3821 219 3882 D.
237 3826 263 3879 3
298 3826 341 3876 καὶ
356 3815 567 3894 καταχυσμάτων]
593 3843 685 3880 emea
703 3827 883 3899 conjecturat
902 3825 980 3881 vulo
962 3822 1085 3901 06”
1067 3825 1128 3895 ιιιίχς
1142 3819 1365 3895 κατεσιυμμάτοτ.
1396 3819 1473 3878 ΙιιΒ

316 3923 362 3970 est
377 3920 420 3969 καί
436 3914 661 3987 κατεσσυμμιίτων,
680 3919 711 3973 in
729 3916 752 3972 E
771 3924 815 3973 καλ
833 3917 1038 3988 κατεσυμμάτιιι.

179 4008 221 4068 D.
243 4014 269 4066 4.
306 4001 477 4081 Ἀριστονίκα]
500 4007 696 4085 λίχνευμα
723 4010 781 4070 BF.
806 4009 877 4083 Xyl.
902 4010 980 4069 Μαι.
1015 4011 1111 4086 Vulgo
1127 4009 1294 4085 ’.ιριιιιιλια
1322 4010 1474 4068 Fortasse

314 4096 502 4155 scribendum
519 4105 685 4168 Στρατονίκα.

179 4191 216 4250 D.
241 4197 267 4250 5.
302 4182 486 4264 Ἀχαθιικλεία]
503 4191 576 4264 Xyl.
596 4190 754 4265 Wyttenh.
789 4194 885 4269 Vulgo
899 4190 1063 4264 Ἀγαθοκλέα.

179 4283 263 4345 636
300 4284 679 4360 1666]EVulg60166

177 4374 213 4436 F
238 4383 264 4435 1.
298 4363 445 4449 Βιλιστίχη]
465 4396 480 4432 ο
502 4397 567 4434 mea
588 4379 769 4448 conjectura
804 4378 900 4454 Vulgo
918 4385 1048 4449 Βελεστίη.

178 4467 213 4528 F.
237 4476 263 4527 3.
297 4475 430 4539 βασιλέως,
450 4471 611 4546 Ἀφροδιτης]
641 4468 799 4543 Wytlenh.
823 4490 890 4527 cum
906 4471 968 4533 BE.
987 4472 1064 4530 Μαι..
1084 4473 1191 4530 delevit
1214 4481 1268 4540 καὶ,
1300 4475 1381 4550 quod
1406 4485 1474 4550 post

312 4560 432 4633 βασιλέως
452 4566 560 4639 adjecit
578 4564 774 4641 Stephanuse
793 4563 919 4626 Leonic.
938 4565 1052 4624 Schott.
1065 4567 1137 4640 Ejus
1150 4568 1217 4623 loco
1233 4567 1302 4625 Ald.
1315 4573 1387 4631 Bas.
1400 4569 1472 4642 Xyl.

314 4652 457 4713 hahent
440 4681 464 4727 η.

158 4743 194 4801 F.
220 4752 245 4809 6.
295 4743 450 4826 Ἀφροδίτης
464 4749 630 4832 Βελιστίχης]
649 4775 687 4816 ex
700 4773 766 4814 mea
783 4756 969 4833 conjectura.
1006 4751 1111 4826 Vfflgu
1122 4751 1280 4824 {6666666
1291 4757 1449 4821 1366616632.
